2978 5217
1169 439 1602 511 2-—27

520 628 868 673 manorum
908 607 1267 692 pertaesis,
1341 603 1505 670 adeo
1552 607 1913 693 placuerit,
1988 619 2062 672 ut
2104 604 2435 676 decretum
2493 613 2577 676 tle

525 727 772 791 Messia
822 725 1091 791 doctore
1139 726 1457 789 morituro
1505 747 1738 810 parum
1792 737 1906 789 aut
1959 728 2129 789 nihil
2192 716 2579 812 caraverint,

470 878 477 891 ι
527 841 659 905 sed¹
690 846 1036 923 oblivioni,
1078 855 1154 905 ut
1189 845 1285 906 ita
1323 841 1582 924 dicam,
1627 840 1951 909 dederint.
2040 844 2203 908 Sine
2249 845 2447 913 dubio
2487 853 2585 915 nil

528 958 688 1024 inde
727 960 1042 1049 praesidii
1067 961 1151 1024 ad
1180 962 1659 1027 restituendam
1683 980 1825 1027 rem
1868 968 2238 1049 sperabant.
2326 966 2586 1033 Verum

529 1091 753 1142 tamen
782 1083 842 1143 si
870 1085 985 1146 vel
1010 1084 1302 1146 maxime
1336 1080 1792 1161 concedamus,
1808 1095 1997 1146 vates
2020 1085 2268 1169 priscos
2283 1083 2586 1150 Judaeu-

526 1218 674 1261 rum
724 1219 762 1261 a
818 1197 1079 1266 Davide
1122 1223 1312 1284 rege,
1384 1213 1525 1266 tam
1590 1201 1978 1265 felicissimo
2022 1194 2273 1266 victore
2316 1224 2588 1270 suorum

523 1316 966 1400 inimicorum,
1012 1341 1211 1406 quam
1243 1323 1505 1403 egregio
1548 1333 1747 1407 poeta
1795 1341 1867 1382 ac
1900 1318 2165 1384 doctore
2211 1323 2588 1406 patienter-

526 1456 655 1519 que
696 1444 961 1504 ferente
1006 1442 1228 1506 varias
1271 1463 1309 1502 a
1357 1438 1503 1501 Deo
1546 1439 1672 1503 sibi
1712 1439 2042 1501 immissas
2081 1441 2485 1504 calamitates
2514 1447 2587 1525 ¹),

523 1551 887 1634 imaginem
921 1560 1252 1646 duplicem
1280 1556 1552 1620 venturi
1581 1552 1970 1636 Davideque
2002 1559 2213 1618 multo
2245 1563 2592 1653 excellen-

529 1672 721 1735 tioris
768 1674 991 1740 herois
1023 1699 1096 1739 ac
1124 1674 1425 1757 magistri
1466 1672 1594 1745 sibi
1621 1670 1929 1748 finxisse,
1974 1691 2221 1756 eosque
2265 1697 2471 1756 genus
2516 1703 2590 1745 ac

462 1792 465 1795 ’
526 1791 855 1870 originem
885 1795 1170 1858 Messiae
1200 1799 1278 1856 ab
1307 1791 1545 1856 eodem
1573 1786 1855 1868 Davide,
1898 1811 2094 1875 quam
2140 1795 2219 1855 ab
2255 1768 2594 1881 alio'quo-

533 1905 684 1972 dam
726 1932 880 1992 rege
922 1914 1240 1977 maluisse
1280 1922 1618 1995 repetere:
1687 1909 2126 1973 nihilominus
2164 1915 2593 1981 manifestum

501 2045 674 2090 *esse
725 2045 1069 2115 putamus,
1145 2053 1261 2096 eos
1307 2051 1444 2105 non
1510 2029 1656 2090 sine
1719 2027 1966 2127 afflatu*
2011 2028 2595 2120 moderamine‘que

528 2149 820 2212 numinis
844 2153 1008 2215 haec
1042 2154 1361 2233 cogitasse
1392 2171 1466 2210 ac
1497 2146 1848 2226 cecinisse,
1906 2149 2218 2233 quoniam
2257 2151 2381 2213 hac
2409 2153 2483 2214 in
2520 2175 2595 2216 re

531 2269 804 2331 omnino
851 2292 988 2333 non
1032 2281 1355 2346 errarunt,
1400 2268 1475 2328 in
1519 2287 1681 2351 qua,
1740 2265 1799 2326 si
1824 2284 2009 2327 more
2055 2267 2418 2331 otiosorum
2454 2272 2596 2334 ho-''-

528 2386 820 2467 minum,
865 2391 1000 2452 suis
1025 2387 1437 2475 publicisque
1475 2386 1674 2446 rebus
1719 2384 1893 2443 male
1942 2395 2435 2464 contentorum,
2482 2403 2599 2454 aut

533 2502 808 2568 ludente
851 2520 919 2569 et
949 2516 1292 2580 aestuante
1335 2503 1639 2584 ingenio,
1685 2511 1800 2563 aut
1840 2501 2029 2563 vanis
2074 2507 2601 2588 exspectationi-⁴

520 2626 655 2698 ¹bus
699 2644 770 2688 se
814 2626 1028 2711 abripi
1069 2626 1250 2710 passi
1289 2626 1595 2703 fuissent,
1641 2624 1787 2700 sine
1822 2619 2022 2683 dubio
2066 2637 2414 2691 errassent.
2462 2625 2630 2712 Quis

528 2744 694 2809 haec
771 2747 1247 2832 prophetarum
1324 2741 1732 2807 Judaeorum
1801 2741 2117 2806 vaticinia
2190 2764 2309 2826 pro
2394 2749 2599 2810 meris

529 2867 903 2947 poematiis,
947 2863 1018 2925 id
1063 2877 1184 2939 est,
1228 2863 1484 2941 ingenii
1536 2863 1791 2924 lusibus
1845 2861 2094 2922 habent
2152 2883 2357 2945 eaque
2414 2868 2602 2928 vati-

539 2981 708 3042 cinia
744 3001 889 3041 esse
928 2991 1206 3057 negant:
1250 2978 1367 3039 isti
1409 2975 1681 3058 quidem
1722 2978 2091 3037 sententiae
2138 2979 2601 3059 opinionibus-

584 3301 660 3372 Vr)
696 3315 741 3355 2'
764 3300 980 3354 Samuel
1022 3300 1166 3353 XVI.
1207 3298 1406 3351 XXIV.
1471 3314 1494 3349 1
1529 3297 1715 3349 Chron.
1764 3295 1945 3350 XXII.
2036 3297 2309 3354 Davidem
2344 3301 2405 3354 in
2441 3302 2592 3356 bello

668 3406 937 3460 Nisibeno
977 3403 1323 3475 aliquamdiu
1353 3390 1643 3454 formium
1685 3399 1976 3453 adversam
2015 3412 2304 3470 expertum
2345 3422 2460 3458 esse
2497 3406 2600 3458 ho-

673 3520 889 3579 stesque
916 3518 1126 3562 terram
1161 3510 1388 3560 Canaan
1413 3505 1703 3557 infestasse
1741 3521 1977 3574 eamque
2012 3504 2179 3574 longe
2215 3506 2435 3577 lateque
2470 3509 2600 3577 igne

679 3621 732 3662 et
774 3612 926 3663 ferro
965 3611 1282 3675 miscuisse,
1348 3612 1404 3662 in
1449 3597 1673 3660 Psalmo
1713 3609 1831 3660 XX.
1865 3625 1916 3676 3.
1956 3606 2176 3678 in‘signe
2220 3610 2603 3666 testimonium

675 3724 938 3783 superest.
981 3715 1147 3776 Conf.
1193 3717 1279 3768 Jn.
1314 3714 1456 3766 Dav.
1502 3709 1844 3763 chnanms
1903 3713 2180 3763 Commeat.
2224 3713 2414 3763 Soc-iet.
2474 3716 2605 3765 Got-

680 3820 815 3887 ting.
866 3819 1163 3887 praelectae
1215 3820 1292 3870 ΙΙ.
1350 3835 1434 3888 7¹·
1513 3817 1652 3871 Ven.
1710 3815 1857 3866 Gno.
1908 3815 2148 3866 Cuntsr.
2206 3814 2495 3870 Kmnrms
2546 3819 2608 3870 in

683 3921 1033 3972 translatione
1088 3921 1413 3974 Pealmorum
1455 3921 1767 3990 germanica
1828 3926 1883 3969 et
1953 3934 2074 3971 ven·
2130 3921 2327 3974 HENR.
2379 3923 2604 3980 Eanum

672 4023 862 4084 (31.03,
897 4025 1117 4079 P'Atsmss
1158 4026 1221 4077 in
1240 4023 1651 4094 ..Philologische
1693 4022 1868 4075 Clanis
1921 4024 1977 4073 in
2022 4026 2107 4075 die
2139 4025 2319 4077 Psalm.
2378 4024 2447 4078 ad
2474 4025 2532 4078 h.
2560 4027 2620 4080 1.·

684 4129 771 4180 De
796 4123 903 4180 hac
932 4126 1018 4179 vel
1040 4126 1214 4180 simili
1240 4101 1407 4181 =clade
1445 4101 1802 4198 accipiendus
1853 4135 1936 4179 est
1964 4126 2122 4182 Iocus
2168 4128 2374 4180 Psalm.
2411 4130 2606 4186 XLIV.

693 4248 752 4284 10
777 4223 900 4302 sq'q.
