2978 5217
475 547 653 636 quod
678 548 836 615 iude
871 553 951 615 ab
975 547 1170 612 initio
1197 544 1722 611 Samaritanismi
1754 544 1838 608 ad
1879 556 2099 608 nostra
2132 566 2338 633 usque
2369 558 2532 612 tem-

470 689 636 755 pora
687 671 864 731 inter
910 664 1197 728 Judaeos
1244 678 1313 727 et
1365 664 1722 727 Samaritas
1780 665 2187 743 intercessit,
2257 668 2535 744 obstitit,

474 785 829 871 quominus
877 785 983 846 illi
1019 783 1370 870 quidquam
1418 808 1508 849 ex
1550 784 2021 848 Samaritarum
2068 785 2329 868 placitis
2373 806 2533 848 mu-

468 912 840 977 tuarentur,
862 904 1127 989 suisque
1145 902 1557 984 dogmatibus
1575 902 1923 968 adderent:
1957 902 2052 964 ita
2068 904 2281 964 multo
2309 905 2529 966 minus

469 1019 840 1084 verisimile
863 1020 1151 1101 videtur,
1195 1022 1235 1085 J
1240 1021 1484 1087 udaeos
1517 1021 1916 1085 recentiores
1940 1038 2148 1102 usque
2176 1019 2341 1082 adeo
2375 1043 2531 1084 cor-

465 1138 721 1224 rupisse
758 1137 997 1220 dogma
1022 1140 1590 1233 Messianurnrut:
1628 1135 1915 1203 eundem
1961 1134 2272 1200 Messinm
2312 1152 2527 1202 morto

464 1257 838 1321 absumtum
874 1261 958 1322 iri
988 1261 1471 1345 praeceperint,
1520 1279 1716 1343 quem
1756 1266 1944 1319 vates
1988 1254 2094 1359 sui
2133 1267 2526 1342 veteresque

364 1356 375 1369 ’
462 1371 767 1439 doctores
793 1379 1240 1441 immortalem
1271 1378 1506 1458 regem
1527 1375 2028 1462 descripserant.

629 1492 769 1577 Qui
801 1518 960 1560 vero
1004 1497 1202 1582 paulo
1240 1496 1623 1576 diligentius
1651 1486 1967 1581 placitum
1993 1494 2074 1557 de
2103 1493 2344 1558 Messia
2371 1511 2523 1558 mod

461 1613 671 1678 rituro
702 1615 1211 1696 examinaverit,
1252 1615 1459 1702 plane
1486 1637 1624 1677 non
1648 1615 1999 1695 intelliget,
2045 1634 2208 1699 quas
2243 1616 2326 1675 ob
2359 1635 2525 1676 cau-

454 1752 561 1794 sas
584 1731 949 1796 Samaritae
988 1731 1157 1793 illud
1198 1732 1769 1810 excogitaverint?
1839 1732 1922 1796 In
1951 1744 2089 1795 toto
2134 1732 2315 1795 enim
2340 1730 2526 1794 Pen-

452 1853 804 1932 tateucho,
850 1872 1046 1937 quem
1091 1872 1297 1913 unum
1347 1851 1692 1933 solumque
1719 1846 2244 1915 Samaritanismi
2286 1834 2522 1910 aucto-4

451 1987 596 2043 res,
641 1968 903 2029 reiectis
949 1969 1185 2031 ceteris
1230 1965 1637 2030 Judaeorum
1693 1966 1892 2029 sacris
1934 1966 2156 2043 libris,
2207 1967 2520 2029 retinen-

451 2083 610 2151 dum
661 2083 1147 2177 legendumque
1191 2095 1694 2170 praeceperant,
1780 2082 1863 2145 de
1909 2081 2151 2146 Messia
2194 2087 2517 2171 morituro

448 2205 549 2266 nil
575 2178 1011 2289 perscriptum
1039 2216 1158 2265 est.
1220 2202 1260 2265 J
1265 2201 1460 2267 udaei
1498 2188 1900 2268 recentiores
1931 2202 2199 2289 quidem
2220 2202 2512 2284 tradunt,

443 2319 758 2409 Messinm
799 2319 1317 2401 samaritanum,
1377 2333 1649 2407 propter
1700 2320 2078 2385 Jeroboami
2128 2324 2303 2403 regis
2331 2304 2513 2408 'pec-

445 2452 618 2518 cata,
662 2442 738 2532 in
778 2441 1029 2525 praelio
1077 2462 1338 2537 caesum
1375 2442 1505 2504 iri:
1577 2438 1694 2503 sed
1736 2442 1863 2506 hoc
1911 2442 2228 2529 placitum
2268 2465 2308 2506 a
2347 2464 2508 2506 vero

442 2559 863 2643 genuinoque
916 2557 1180 2644 decreto
1229 2558 1567 2628 Messiano
1626 2541 2098 2626 Samaritarum
2150 2561 2315 2625 adeo
2380 2564 2507 2627 ab-

437 2676 688 2756 horret,
729 2687 805 2739 ut
836 2676 981 2740 sine
1013 2675 1213 2738 dubio
1264 2679 1497 2739 ceteris
1523 2675 1925 2738 Judaeorum
1970 2674 2051 2737 de
2096 2658 2339 2741 Messia
2372 2680 2507 2743 Sa-

436 2794 763 2872 maritano
816 2795 1205 2860 commentis
1248 2791 1816 2884 adnumerandum
1856 2795 1961 2855 sit.
2083 2777 2258 2858 Satis
2301 2799 2505 2879 igitur

431 2925 641 3000 patet,
687 2914 1076 2996 Samaritas,
1125 2938 1273 2978 cum
1313 2918 1439 2978 hoc
1468 2915 1786 3000 placitum
1829 2910 1911 2977 de
1954 2927 2169 2982 morte
2214 2916 2499 2983 Messias

432 3030 953 3130 ePentateucho
1002 3057 1138 3098 non
1196 3035 1757 3122 deprompserint,
1827 3032 2099 3097 aliunde
2153 3034 2322 3099 illud
2368 3059 2501 3124 pe·-

430 3150 620 3211 tiisse
664 3164 859 3232 atque
904 3150 1381 3230 ctu-istologiae
1420 3152 1801 3227 inseruisse,
1847 3153 2035 3225 sicut,
2076 3166 2342 3233 praeter
2367 3157 2498 3216 alia

427 3288 472 3362 §a
501 3266 686 3327 libris
728 3264 930 3327 Mosis
960 3269 1200 3327 absona
1233 3266 1569 3343 dogmata,
1615 3276 1683 3325 et
1714 3265 1948 3326 scitum
1986 3265 2150 3326 illud
2194 3266 2275 3329 de
2304 3290 2497 3332 mor-

431 3394 699 3447 tuorum
733 3373 1212 3448 resurrectione
1243 3379 1546 3464 tradunt,
1595 3383 1779 3470 cuius
1822 3384 2080 3447 nullum
2121 3383 2197 3446 in
2235 3384 2492 3450 Penta-

429 3502 665 3567 teucho
699 3501 1058 3593 vestigium
1087 3513 1323 3568 exstat.

593 3620 966 3703 Diligenter
1021 3622 1289 3710 quidem
1346 3647 1499 3692 ven.
1561 3625 2066 3690 Bsnrnonnrus
2138 3630 2488 3711 congessit,

415 3760 593 3832 =quae
620 3738 905 3806 Rabbini
942 3723 1022 3808 de
1055 3743 1300 3809 Messia
1325 3744 1740 3809 Samaritano
1769 3758 2282 3830 praeceperunt,
2328 3772 2488 3814 om·-

408 3878 712 3945 ¹nesque,
758 3882 1036 3944 quorum
1060 3862 1226 3926 haec
1268 3884 1539 3928 noscere
1580 3864 1892 3940 interest,
1939 3860 2021 3925 ad
2050 3867 2191 3927 eius
2236 3868 2483 3933 librum

428 3978 846 4059 ablegamus:
876 3969 1219 4043 sed'valde
1246 3969 1644 4061 dubitamus,
1678 3983 1832 4070 quin
1869 4002 1953 4044 ex
1979 3982 2167 4049 libris
2184 3983 2486 4049 Judaeo-

422 4118 572 4160 rum
610 4096 1063 4200 recentiorum,
1105 4120 1223 4164 seu
1274 4100 1732 4168 Rabbinorum
1789 4099 2310 4185 dogma‘verum
2354 4124 2483 4185 ge-
