<?xml version="1.0" encoding="UTF-8"?>
<!DOCTYPE html PUBLIC "-//W3C//DTD XHTML 1.0 Transitional//EN"
    "http://www.w3.org/TR/xhtml1/DTD/xhtml1-transitional.dtd">
<html xmlns="http://www.w3.org/1999/xhtml" xml:lang="en" lang="en">
 <head>
  <title>
</title>
<meta http-equiv="Content-Type" content="text/html;charset=utf-8" />
  <meta name='ocr-system' content='tesseract 3.04.00' />
  <meta name='ocr-capabilities' content='ocr_page ocr_carea ocr_par ocr_line ocrx_word'/>
</head>
<body>
  <div class='ocr_page' id='page_1' title='image "./discussionumdec00friegoog_0059.png"; bbox 0 0 2978 5217; ppageno 0'>
   <div class='ocr_carea' id='block_1_1' title="bbox 941 430 1725 527">
    <p class='ocr_par' dir='ltr' id='par_1_1' title="bbox 941 430 1725 527">
     <span class='ocr_line' id='line_1_1' title="bbox 941 430 1725 527; baseline -0.009 1"><span class='ocrx_word' id='word_1_1' title='bbox 941 479 1162 512; x_wconf 50' lang='lat' dir='ltr'>m·-</span> <span class='ocrx_word' id='word_1_2' title='bbox 1263 430 1725 527; x_wconf 66' lang='grc'>55“-.---.,</span> 
     </span>
    </p>
   </div>
   <div class='ocr_carea' id='block_1_2' title="bbox 190 613 2414 2843">
    <p class='ocr_par' dir='ltr' id='par_1_2' title="bbox 190 613 2353 1299">
     <span class='ocr_line' id='line_1_2' title="bbox 286 613 2353 704; baseline 0.002 -21"><span class='ocrx_word' id='word_1_3' title='bbox 286 621 692 698; x_wconf 79' lang='lat' dir='ltr'>innuerunt,</span> <span class='ocrx_word' id='word_1_4' title='bbox 733 614 1646 703; x_wconf 18' lang='lat' dir='ltr'>pessimefegissesudaeos,</span> <span class='ocrx_word' id='word_1_5' title='bbox 1704 613 1880 704; x_wconf 79' lang='lat' dir='ltr'>quod</span> <span class='ocrx_word' id='word_1_6' title='bbox 1921 615 2353 687; x_wconf 72' lang='lat' dir='ltr'>Mosaismum</span> 
     </span>
     <span class='ocr_line' id='line_1_3' title="bbox 190 738 2352 825; baseline 0.003 -28"><span class='ocrx_word' id='word_1_7' title='bbox 190 756 191 759; x_wconf 69' lang='grc'>’</span> <span class='ocrx_word' id='word_1_8' title='bbox 286 739 482 803; x_wconf 82' lang='lat' dir='ltr'>novis</span> <span class='ocrx_word' id='word_1_9' title='bbox 511 738 948 816; x_wconf 75' lang='lat' dir='ltr'>dogmatibu3‚</span> <span class='ocrx_word' id='word_1_10' title='bbox 993 738 1254 822; x_wconf 85' lang='lat' dir='ltr'>placitis</span> <span class='ocrx_word' id='word_1_11' title='bbox 1284 759 1356 798; x_wconf 87' lang='lat' dir='ltr'>ac</span> <span class='ocrx_word' id='word_1_12' title='bbox 1396 741 1819 822; x_wconf 81' lang='lat' dir='ltr'>opinionibus</span> <span class='ocrx_word' id='word_1_13' title='bbox 1862 742 2241 825; x_wconf 83' lang='lat' dir='ltr'>ampliarint</span> <span class='ocrx_word' id='word_1_14' title='bbox 2281 755 2352 806; x_wconf 82' lang='lat' dir='ltr'>et</span> 
     </span>
     <span class='ocr_line' id='line_1_4' title="bbox 287 855 2349 942; baseline 0.004 -26"><span class='ocrx_word' id='word_1_15' title='bbox 287 857 480 942; x_wconf 86' lang='lat' dir='ltr'>quasi</span> <span class='ocrx_word' id='word_1_16' title='bbox 516 856 1032 940; x_wconf 82' lang='lat' dir='ltr'>inquinaverint.</span> <span class='ocrx_word' id='word_1_17' title='bbox 1117 855 1318 932; x_wconf 13' lang='lat' dir='ltr'>*Nihil</span> <span class='ocrx_word' id='word_1_18' title='bbox 1357 859 1540 942; x_wconf 90' lang='lat' dir='ltr'>prius</span> <span class='ocrx_word' id='word_1_19' title='bbox 1573 860 1669 921; x_wconf 90' lang='lat' dir='ltr'>eis</span> <span class='ocrx_word' id='word_1_20' title='bbox 1712 858 2087 925; x_wconf 80' lang='lat' dir='ltr'>faciendum</span> <span class='ocrx_word' id='word_1_21' title='bbox 2127 861 2349 925; x_wconf 81' lang='lat' dir='ltr'>visum</span> 
     </span>
     <span class='ocr_line' id='line_1_5' title="bbox 287 976 2344 1063; baseline 0.002 -25"><span class='ocrx_word' id='word_1_22' title='bbox 287 987 411 1055; x_wconf 87' lang='lat' dir='ltr'>est,</span> <span class='ocrx_word' id='word_1_23' title='bbox 459 976 652 1060; x_wconf 79' lang='lat' dir='ltr'>quam</span> <span class='ocrx_word' id='word_1_24' title='bbox 684 976 807 1037; x_wconf 86' lang='lat' dir='ltr'>hos</span> <span class='ocrx_word' id='word_1_25' title='bbox 834 976 1036 1038; x_wconf 87' lang='lat' dir='ltr'>libros</span> <span class='ocrx_word' id='word_1_26' title='bbox 1071 988 1138 1040; x_wconf 88' lang='lat' dir='ltr'>et</span> <span class='ocrx_word' id='word_1_27' title='bbox 1175 976 1571 1042; x_wconf 73' lang='lat' dir='ltr'>traditiones</span> <span class='ocrx_word' id='word_1_28' title='bbox 1609 977 1933 1045; x_wconf 80' lang='lat' dir='ltr'>maiorum</span> <span class='ocrx_word' id='word_1_29' title='bbox 1973 977 2344 1063; x_wconf 86' lang='lat' dir='ltr'>repudiare,</span> 
     </span>
     <span class='ocr_line' id='line_1_6' title="bbox 287 1094 2346 1180; baseline 0.005 -26"><span class='ocrx_word' id='word_1_30' title='bbox 287 1094 480 1178; x_wconf 87' lang='lat' dir='ltr'>quasi</span> <span class='ocrx_word' id='word_1_31' title='bbox 507 1108 664 1156; x_wconf 86' lang='lat' dir='ltr'>tunc</span> <span class='ocrx_word' id='word_1_32' title='bbox 709 1096 975 1158; x_wconf 85' lang='lat' dir='ltr'>d‘emum</span> <span class='ocrx_word' id='word_1_33' title='bbox 1019 1116 1171 1180; x_wconf 85' lang='lat' dir='ltr'>spes</span> <span class='ocrx_word' id='word_1_34' title='bbox 1206 1098 1557 1179; x_wconf 84' lang='lat' dir='ltr'>affulgeat,</span> <span class='ocrx_word' id='word_1_35' title='bbox 1605 1100 1776 1176; x_wconf 85' lang='lat' dir='ltr'>fore,</span> <span class='ocrx_word' id='word_1_36' title='bbox 1828 1108 1901 1160; x_wconf 83' lang='lat' dir='ltr'>ut</span> <span class='ocrx_word' id='word_1_37' title='bbox 1953 1096 2346 1164; x_wconf 83' lang='lat' dir='ltr'>Mosaismus</span> 
     </span>
     <span class='ocr_line' id='line_1_7' title="bbox 281 1196 1855 1299; baseline 0.001 -22"><span class='ocrx_word' id='word_1_38' title='bbox 281 1196 487 1285; x_wconf 79' lang='lat' dir='ltr'>nitori</span> <span class='ocrx_word' id='word_1_39' title='bbox 512 1227 713 1299; x_wconf 78' lang='lat' dir='ltr'>atque</span> <span class='ocrx_word' id='word_1_40' title='bbox 741 1215 1107 1294; x_wconf 78' lang='lat' dir='ltr'>integritati</span> <span class='ocrx_word' id='word_1_41' title='bbox 1131 1236 1290 1279; x_wconf 85' lang='lat' dir='ltr'>suae</span> <span class='ocrx_word' id='word_1_42' title='bbox 1328 1216 1593 1278; x_wconf 88' lang='lat' dir='ltr'>restitui</span> <span class='ocrx_word' id='word_1_43' title='bbox 1621 1217 1855 1299; x_wconf 80' lang='lat' dir='ltr'>possit.</span> 
     </span>
    </p>

    <p class='ocr_par' dir='ltr' id='par_1_3' title="bbox 218 1320 2414 2843">
     <span class='ocr_line' id='line_1_8' title="bbox 446 1320 2346 1420; baseline 0.002 -22"><span class='ocrx_word' id='word_1_44' title='bbox 446 1320 682 1398; x_wconf 84' lang='lat' dir='ltr'>Libros</span> <span class='ocrx_word' id='word_1_45' title='bbox 723 1330 1197 1399; x_wconf 81' lang='lat' dir='ltr'>Samaritarum</span> <span class='ocrx_word' id='word_1_46' title='bbox 1234 1335 1613 1414; x_wconf 74' lang='lat' dir='ltr'>liturgicOS,</span> <span class='ocrx_word' id='word_1_47' title='bbox 1660 1356 1823 1420; x_wconf 88' lang='lat' dir='ltr'>quos</span> <span class='ocrx_word' id='word_1_48' title='bbox 1855 1334 2116 1416; x_wconf 80' lang='lat' dir='ltr'>dicunt,</span> <span class='ocrx_word' id='word_1_49' title='bbox 2162 1336 2346 1402; x_wconf 86' lang='lat' dir='ltr'>haud</span> 
     </span>
     <span class='ocr_line' id='line_1_9' title="bbox 275 1449 2344 1541; baseline 0.001 -25"><span class='ocrx_word' id='word_1_50' title='bbox 275 1454 582 1516; x_wconf 80' lang='lat' dir='ltr'>novimus</span> <span class='ocrx_word' id='word_1_51' title='bbox 607 1449 893 1534; x_wconf 81' lang='lat' dir='ltr'>ideoque</span> <span class='ocrx_word' id='word_1_52' title='bbox 924 1473 1046 1515; x_wconf 88' lang='lat' dir='ltr'>nos</span> <span class='ocrx_word' id='word_1_53' title='bbox 1087 1454 1279 1533; x_wconf 86' lang='lat' dir='ltr'>fugit,</span> <span class='ocrx_word' id='word_1_54' title='bbox 1324 1474 1484 1515; x_wconf 86' lang='lat' dir='ltr'>num</span> <span class='ocrx_word' id='word_1_55' title='bbox 1511 1453 1585 1513; x_wconf 90' lang='lat' dir='ltr'>in</span> <span class='ocrx_word' id='word_1_56' title='bbox 1622 1454 1706 1514; x_wconf 88' lang='lat' dir='ltr'>iis</span> <span class='ocrx_word' id='word_1_57' title='bbox 1737 1457 2344 1541; x_wconf 72' lang='lat' dir='ltr'>praestantissimae</span> 
     </span>
     <span class='ocr_line' id='line_1_10' title="bbox 280 1566 2345 1652; baseline -0.001 -19"><span class='ocrx_word' id='word_1_58' title='bbox 280 1570 783 1633; x_wconf 85' lang='lat' dir='ltr'>I’salmistarum</span> <span class='ocrx_word' id='word_1_59' title='bbox 817 1592 888 1632; x_wconf 89' lang='lat' dir='ltr'>ac</span> <span class='ocrx_word' id='word_1_60' title='bbox 913 1570 1395 1652; x_wconf 84' lang='lat' dir='ltr'>Prophetarum</span> <span class='ocrx_word' id='word_1_61' title='bbox 1425 1566 1507 1628; x_wconf 90' lang='lat' dir='ltr'>de</span> <span class='ocrx_word' id='word_1_62' title='bbox 1538 1567 1683 1628; x_wconf 88' lang='lat' dir='ltr'>Deo</span> <span class='ocrx_word' id='word_1_63' title='bbox 1731 1566 1816 1629; x_wconf 85' lang='lat' dir='ltr'>O..</span> <span class='ocrx_word' id='word_1_64' title='bbox 1850 1569 1941 1630; x_wconf 87' lang='grc' dir='ltr'>Μ.</span> <span class='ocrx_word' id='word_1_65' title='bbox 1988 1571 2345 1646; x_wconf 75' lang='lat' dir='ltr'>cogitatio-</span> 
     </span>
     <span class='ocr_line' id='line_1_11' title="bbox 282 1683 2345 1772; baseline -0 -21"><span class='ocrx_word' id='word_1_66' title='bbox 282 1710 404 1752; x_wconf 89' lang='lat' dir='ltr'>nes</span> <span class='ocrx_word' id='word_1_67' title='bbox 431 1709 504 1750; x_wconf 89' lang='lat' dir='ltr'>ac</span> <span class='ocrx_word' id='word_1_68' title='bbox 543 1686 736 1750; x_wconf 86' lang='lat' dir='ltr'>ideae</span> <span class='ocrx_word' id='word_1_69' title='bbox 766 1687 1201 1772; x_wconf 83' lang='lat' dir='ltr'>reperiantur.</span> <span class='ocrx_word' id='word_1_70' title='bbox 1239 1719 1243 1724; x_wconf 93' lang='lat'>·</span> <span class='ocrx_word' id='word_1_71' title='bbox 1291 1683 1648 1750; x_wconf 85' lang='lat' dir='ltr'>Samaritas</span> <span class='ocrx_word' id='word_1_72' title='bbox 1673 1686 1781 1748; x_wconf 87' lang='lat' dir='ltr'>his</span> <span class='ocrx_word' id='word_1_73' title='bbox 1812 1687 2103 1751; x_wconf 86' lang='lat' dir='ltr'>imbutos</span> <span class='ocrx_word' id='word_1_74' title='bbox 2139 1689 2345 1752; x_wconf 84' lang='lat' dir='ltr'>altos·-</span> 
     </span>
     <span class='ocr_line' id='line_1_12' title="bbox 277 1798 2414 1893; baseline -0.002 -23"><span class='ocrx_word' id='word_1_75' title='bbox 277 1828 408 1891; x_wconf 83' lang='lat' dir='ltr'>que</span> <span class='ocrx_word' id='word_1_76' title='bbox 438 1827 613 1884; x_wconf 86' lang='lat' dir='ltr'>esse,</span> <span class='ocrx_word' id='word_1_77' title='bbox 657 1804 851 1877; x_wconf 77' lang='lat' dir='ltr'>valde</span> <span class='ocrx_word' id='word_1_78' title='bbox 882 1804 1291 1885; x_wconf 85' lang='lat' dir='ltr'>dubitamus,</span> <span class='ocrx_word' id='word_1_79' title='bbox 1352 1827 1501 1870; x_wconf 89' lang='lat' dir='ltr'>cum</span> <span class='ocrx_word' id='word_1_80' title='bbox 1546 1817 1615 1868; x_wconf 89' lang='lat' dir='ltr'>et</span> <span class='ocrx_word' id='word_1_81' title='bbox 1654 1804 1849 1868; x_wconf 89' lang='lat' dir='ltr'>Jesus</span> <span class='ocrx_word' id='word_1_82' title='bbox 1893 1798 2032 1874; x_wconf 85' lang='lat' dir='ltr'>iam</span> <span class='ocrx_word' id='word_1_83' title='bbox 2078 1805 2343 1890; x_wconf 84' lang='lat' dir='ltr'>pridem</span> <span class='ocrx_word' id='word_1_84' title='bbox 2413 1890 2414 1893; x_wconf 8' lang='grc' dir='ltr'><strong>Ἴ</strong></span> 
     </span>
     <span class='ocr_line' id='line_1_13' title="bbox 274 1925 2341 2012; baseline -0.001 -21"><span class='ocrx_word' id='word_1_85' title='bbox 274 1928 352 1991; x_wconf 84' lang='lat' dir='ltr'>in</span> <span class='ocrx_word' id='word_1_86' title='bbox 391 1927 489 1988; x_wconf 87' lang='lat' dir='ltr'>eis</span> <span class='ocrx_word' id='word_1_87' title='bbox 520 1926 892 2012; x_wconf 86' lang='lat' dir='ltr'>pleniorem</span> <span class='ocrx_word' id='word_1_88' title='bbox 917 1926 1514 2010; x_wconf 85' lang='lat' dir='ltr'>accuratioremque</span> <span class='ocrx_word' id='word_1_89' title='bbox 1562 1925 1853 1989; x_wconf 85' lang='lat' dir='ltr'>numinis</span> <span class='ocrx_word' id='word_1_90' title='bbox 1896 1925 2341 2007; x_wconf 80' lang='lat' dir='ltr'>cognitionem</span> 
     </span>
     <span class='ocr_line' id='line_1_14' title="bbox 270 2039 2338 2126; baseline 0.001 -20"><span class='ocrx_word' id='word_1_91' title='bbox 270 2041 772 2117; x_wconf 78' lang='lat' dir='ltr'>desideraverit,</span> <span class='ocrx_word' id='word_1_92' title='bbox 820 2042 1045 2111; x_wconf 84' lang='lat' dir='ltr'>dice-ns</span> <span class='ocrx_word' id='word_1_93' title='bbox 1089 2042 1172 2109; x_wconf 84' lang='lat' dir='ltr'>ad</span> <span class='ocrx_word' id='word_1_94' title='bbox 1197 2042 1677 2123; x_wconf 69' lang='lat' dir='ltr'>Samaritanam</span> <span class='ocrx_word' id='word_1_95' title='bbox 1721 2043 2110 2107; x_wconf 79' lang='lat' dir='ltr'>mulierem:</span> <span class='ocrx_word' id='word_1_96' title='bbox 2168 2039 2338 2126; x_wconf 70' lang='grc' dir='ltr'><em>ὑμεῖς</em></span> 
     </span>
     <span class='ocr_line' id='line_1_15' title="bbox 270 2156 2339 2247; baseline -0.001 -18"><span class='ocrx_word' id='word_1_97' title='bbox 270 2171 664 2246; x_wconf 73' lang='grc' dir='ltr'><strong><em>προσκυνεῖτε</em></strong></span> <span class='ocrx_word' id='word_1_98' title='bbox 690 2160 725 2228; x_wconf 80' lang='grc' dir='ltr'>ὅ</span> <span class='ocrx_word' id='word_1_99' title='bbox 756 2156 869 2229; x_wconf 72' lang='grc' dir='ltr'>οὔκ</span> <span class='ocrx_word' id='word_1_100' title='bbox 901 2167 1130 2229; x_wconf 70' lang='grc' dir='ltr'><strong><em>οἴδατε·</em></strong></span> <span class='ocrx_word' id='word_1_101' title='bbox 1163 2158 1333 2245; x_wconf 76' lang='grc' dir='ltr'><em>ἡμεῖς</em></span> <span class='ocrx_word' id='word_1_102' title='bbox 1352 2169 1821 2247; x_wconf 69' lang='grc' dir='ltr'><strong><em>προσκυνοῦμεν</em></strong></span> <span class='ocrx_word' id='word_1_103' title='bbox 1843 2159 1881 2227; x_wconf 74' lang='grc' dir='ltr'>ὃ</span> <span class='ocrx_word' id='word_1_104' title='bbox 1907 2166 2155 2244; x_wconf 72' lang='grc' dir='ltr'><strong><em>οἴδαμεν</em></strong></span> <span class='ocrx_word' id='word_1_105' title='bbox 2177 2180 2191 2196; x_wconf 82' lang='grc'><em>·</em></span> <span class='ocrx_word' id='word_1_106' title='bbox 2245 2160 2339 2228; x_wconf 74' lang='grc' dir='ltr'>ὅτι</span> 
     </span>
     <span class='ocr_line' id='line_1_16' title="bbox 268 2276 2335 2366; baseline -0.003 -20"><span class='ocrx_word' id='word_1_107' title='bbox 268 2277 313 2363; x_wconf 70' lang='grc' dir='ltr'>’ἦ</span> <span class='ocrx_word' id='word_1_108' title='bbox 346 2286 608 2366; x_wconf 78' lang='grc' dir='ltr'><strong><em>σωτηρία</em></strong></span> <span class='ocrx_word' id='word_1_109' title='bbox 638 2285 702 2347; x_wconf 76' lang='grc' dir='ltr'>ἐκ</span> <span class='ocrx_word' id='word_1_110' title='bbox 752 2290 872 2348; x_wconf 79' lang='grc' dir='ltr'>τῶν</span> <span class='ocrx_word' id='word_1_111' title='bbox 908 2276 1237 2347; x_wconf 79' lang='grc' dir='ltr'><strong><em>Ἰονδοὶίων</em></strong></span> <span class='ocrx_word' id='word_1_112' title='bbox 1277 2282 1436 2347; x_wconf 71' lang='grc' dir='ltr'><strong><em>ἐστίν</em></strong></span> <span class='ocrx_word' id='word_1_113' title='bbox 1484 2280 1559 2363; x_wconf 83' lang='lat'>¹).</span> <span class='ocrx_word' id='word_1_114' title='bbox 1647 2279 1784 2343; x_wconf 84' lang='lat' dir='ltr'>Sed</span> <span class='ocrx_word' id='word_1_115' title='bbox 1820 2282 2062 2342; x_wconf 83' lang='lat' dir='ltr'>rectius</span> <span class='ocrx_word' id='word_1_116' title='bbox 2105 2285 2335 2341; x_wconf 83' lang='lat' dir='ltr'>forsan</span> 
     </span>
     <span class='ocr_line' id='line_1_17' title="bbox 268 2395 2338 2481; baseline -0.001 -17"><span class='ocrx_word' id='word_1_117' title='bbox 268 2402 436 2465; x_wconf 87' lang='lat' dir='ltr'>haec</span> <span class='ocrx_word' id='word_1_118' title='bbox 470 2400 552 2463; x_wconf 88' lang='lat' dir='ltr'>de</span> <span class='ocrx_word' id='word_1_119' title='bbox 586 2412 812 2463; x_wconf 85' lang='lat' dir='ltr'>moute</span> <span class='ocrx_word' id='word_1_120' title='bbox 840 2399 1133 2466; x_wconf 84' lang='lat' dir='ltr'>Garizim</span> <span class='ocrx_word' id='word_1_121' title='bbox 1162 2399 1630 2478; x_wconf 79' lang='lat' dir='ltr'>intelliguntur</span> <span class='ocrx_word' id='word_1_122' title='bbox 1660 2396 1750 2481; x_wconf 86' lang='lat'>²),</span> <span class='ocrx_word' id='word_1_123' title='bbox 1807 2398 1882 2460; x_wconf 87' lang='lat' dir='ltr'>in</span> <span class='ocrx_word' id='word_1_124' title='bbox 1923 2419 2056 2481; x_wconf 89' lang='lat' dir='ltr'>quo</span> <span class='ocrx_word' id='word_1_125' title='bbox 2091 2395 2338 2461; x_wconf 85' lang='lat' dir='ltr'>Sama-</span> 
     </span>
     <span class='ocr_line' id='line_1_18' title="bbox 268 2515 2336 2601; baseline -0.002 -16"><span class='ocrx_word' id='word_1_126' title='bbox 268 2521 439 2585; x_wconf 82' lang='lat' dir='ltr'>ritae</span> <span class='ocrx_word' id='word_1_127' title='bbox 491 2519 714 2585; x_wconf 81' lang='lat' dir='ltr'>Deum</span> <span class='ocrx_word' id='word_1_128' title='bbox 768 2517 1123 2589; x_wconf 77' lang='lat' dir='ltr'>colendum</span> <span class='ocrx_word' id='word_1_129' title='bbox 1181 2529 1578 2597; x_wconf 85' lang='lat' dir='ltr'>sanxerant,</span> <span class='ocrx_word' id='word_1_130' title='bbox 1652 2515 1738 2580; x_wconf 91' lang='lat' dir='ltr'>ad</span> <span class='ocrx_word' id='word_1_131' title='bbox 1781 2537 1981 2601; x_wconf 87' lang='lat' dir='ltr'>quem</span> <span class='ocrx_word' id='word_1_132' title='bbox 2036 2529 2336 2581; x_wconf 81' lang='lat' dir='ltr'>montem</span> 
     </span>
     <span class='ocr_line' id='line_1_19' title="bbox 218 2612 2332 2729; baseline -0.003 -24"><span class='ocrx_word' id='word_1_133' title='bbox 218 2612 573 2729; x_wconf 40' lang='lat' dir='ltr'>„eonversi</span> <span class='ocrx_word' id='word_1_134' title='bbox 615 2649 765 2723; x_wconf 87' lang='lat' dir='ltr'>post</span> <span class='ocrx_word' id='word_1_135' title='bbox 811 2636 1101 2699; x_wconf 85' lang='lat' dir='ltr'>dirutam</span> <span class='ocrx_word' id='word_1_136' title='bbox 1153 2653 1406 2702; x_wconf 83' lang='lat' dir='ltr'>sacram</span> <span class='ocrx_word' id='word_1_137' title='bbox 1460 2636 1699 2700; x_wconf 85' lang='lat' dir='ltr'>aedem</span> <span class='ocrx_word' id='word_1_138' title='bbox 1760 2635 1846 2697; x_wconf 90' lang='lat' dir='ltr'>ad</span> <span class='ocrx_word' id='word_1_139' title='bbox 1903 2637 2082 2700; x_wconf 86' lang='lat' dir='ltr'>hunc</span> <span class='ocrx_word' id='word_1_140' title='bbox 2123 2656 2332 2720; x_wconf 80' lang='lat' dir='ltr'>usque</span> 
     </span>
     <span class='ocr_line' id='line_1_20' title="bbox 257 2752 2332 2843; baseline -0 -24"><span class='ocrx_word' id='word_1_141' title='bbox 257 2755 442 2822; x_wconf 81' lang='lat' dir='ltr'>diem</span> <span class='ocrx_word' id='word_1_142' title='bbox 473 2756 726 2843; x_wconf 80' lang='lat' dir='ltr'>precari</span> <span class='ocrx_word' id='word_1_143' title='bbox 771 2757 1177 2820; x_wconf 81' lang='lat' dir='ltr'>solitisunt.</span> <span class='ocrx_word' id='word_1_144' title='bbox 1277 2753 1446 2821; x_wconf 85' lang='lat' dir='ltr'>Inde</span> <span class='ocrx_word' id='word_1_145' title='bbox 1491 2774 1752 2839; x_wconf 82' lang='lat' dir='ltr'>quoque</span> <span class='ocrx_word' id='word_1_146' title='bbox 1793 2767 1998 2839; x_wconf 82' lang='lat' dir='ltr'>patet,</span> <span class='ocrx_word' id='word_1_147' title='bbox 2044 2752 2203 2837; x_wconf 88' lang='lat' dir='ltr'>quid</span> <span class='ocrx_word' id='word_1_148' title='bbox 2248 2752 2332 2818; x_wconf 80' lang='lat' dir='ltr'>de</span> 
     </span>
    </p>
   </div>
   <div class='ocr_carea' id='block_1_3' title="bbox 261 2870 2332 3067">
    <p class='ocr_par' dir='ltr' id='par_1_4' title="bbox 261 2870 2332 3067">
     <span class='ocr_line' id='line_1_21' title="bbox 261 2870 2332 2945; baseline -0.003 -9"><span class='ocrx_word' id='word_1_149' title='bbox 261 2875 695 2938; x_wconf 79' lang='lat' dir='ltr'>Maimonidis·</span> <span class='ocrx_word' id='word_1_150' title='bbox 723 2874 1097 2940; x_wconf 77' lang='lat' dir='ltr'>narratione</span> <span class='ocrx_word' id='word_1_151' title='bbox 1143 2871 1571 2942; x_wconf 81' lang='lat' dir='ltr'>statuendum</span> <span class='ocrx_word' id='word_1_152' title='bbox 1590 2873 1695 2932; x_wconf 80' lang='lat' dir='ltr'>sit</span> <span class='ocrx_word' id='word_1_153' title='bbox 1713 2917 1731 2945; x_wconf 91' lang='lat'>‚</span> <span class='ocrx_word' id='word_1_154' title='bbox 1776 2870 1862 2932; x_wconf 81' lang='lat' dir='ltr'>de</span> <span class='ocrx_word' id='word_1_155' title='bbox 1898 2870 2332 2932; x_wconf 77' lang='lat' dir='ltr'>Samaritanis</span> 
     </span>
     <span class='ocr_line' id='line_1_22' title="bbox 265 2983 2331 3067; baseline -0.004 -14"><span class='ocrx_word' id='word_1_156' title='bbox 265 2999 568 3054; x_wconf 81' lang='lat' dir='ltr'>montem</span> <span class='ocrx_word' id='word_1_157' title='bbox 593 2985 888 3049; x_wconf 83' lang='lat' dir='ltr'>Garizim</span> <span class='ocrx_word' id='word_1_158' title='bbox 919 2989 1312 3052; x_wconf 49' lang='lat' dir='ltr'>colentibus</span> <span class='ocrx_word' id='word_1_159' title='bbox 1403 2984 1567 3046; x_wconf 85' lang='lat' dir='ltr'>Cum</span> <span class='ocrx_word' id='word_1_160' title='bbox 1598 2984 1734 3044; x_wconf 89' lang='lat' dir='ltr'>suis</span> <span class='ocrx_word' id='word_1_161' title='bbox 1764 2983 2140 3050; x_wconf 86' lang='lat' dir='ltr'>doctoribus</span> <span class='ocrx_word' id='word_1_162' title='bbox 2159 2986 2331 3067; x_wconf 86' lang='lat' dir='ltr'>hanc</span> 
     </span>
    </p>
   </div>
   <div class='ocr_carea' id='block_1_4' title="bbox 259 3097 2334 3903">
    <p class='ocr_par' dir='ltr' id='par_1_5' title="bbox 263 3097 2333 3428">
     <span class='ocr_line' id='line_1_23' title="bbox 271 3097 2333 3182; baseline -0.006 -10"><span class='ocrx_word' id='word_1_163' title='bbox 271 3106 747 3172; x_wconf 85' lang='lat' dir='ltr'>Samaritarum</span> <span class='ocrx_word' id='word_1_164' title='bbox 776 3101 1324 3178; x_wconf 74' lang='lat' dir='ltr'>consuetudinem</span> <span class='ocrx_word' id='word_1_165' title='bbox 1354 3101 1645 3182; x_wconf 81' lang='lat' dir='ltr'>castigat,</span> <span class='ocrx_word' id='word_1_166' title='bbox 1691 3098 1809 3162; x_wconf 87' lang='lat' dir='ltr'>sed</span> <span class='ocrx_word' id='word_1_167' title='bbox 1863 3099 1946 3162; x_wconf 87' lang='lat' dir='ltr'>de</span> <span class='ocrx_word' id='word_1_168' title='bbox 1981 3097 2188 3164; x_wconf 87' lang='lat' dir='ltr'>simili</span> <span class='ocrx_word' id='word_1_169' title='bbox 2229 3099 2333 3160; x_wconf 84' lang='lat' dir='ltr'>ri·-</span> 
     </span>
     <span class='ocr_line' id='line_1_24' title="bbox 263 3214 2331 3347; baseline -0.002 -58"><span class='ocrx_word' id='word_1_170' title='bbox 263 3239 339 3290; x_wconf 90' lang='lat' dir='ltr'>tu</span> <span class='ocrx_word' id='word_1_171' title='bbox 384 3224 792 3289; x_wconf 84' lang='lat' dir='ltr'>Judaeorum</span> <span class='ocrx_word' id='word_1_172' title='bbox 826 3222 1288 3300; x_wconf 73' lang='lat' dir='ltr'>orientalium,</span> <span class='ocrx_word' id='word_1_173' title='bbox 1333 3222 1450 3305; x_wconf 90' lang='lat' dir='ltr'>qui</span> <span class='ocrx_word' id='word_1_174' title='bbox 1492 3221 1822 3347; x_wconf 83' lang='lat' dir='ltr'>precaturi</span> <span class='ocrx_word' id='word_1_175' title='bbox 1858 3221 2122 3306; x_wconf 78' lang='lat' dir='ltr'>plagam</span> <span class='ocrx_word' id='word_1_176' title='bbox 2155 3214 2331 3284; x_wconf 80' lang='lat' dir='ltr'>Hie-.-</span> 
     </span>
     <span class='ocr_line' id='line_1_25' title="bbox 263 3327 1356 3428; baseline -0.006 -20"><span class='ocrx_word' id='word_1_177' title='bbox 263 3347 750 3426; x_wconf 83' lang='lat' dir='ltr'>rosolymorum</span> <span class='ocrx_word' id='word_1_178' title='bbox 787 3327 1109 3428; x_wconf 82' lang='lat' dir='ltr'>spectant,</span> <span class='ocrx_word' id='word_1_179' title='bbox 1155 3352 1356 3408; x_wconf 87' lang='lat' dir='ltr'>tacet.</span> 
     </span>
    </p>

    <p class='ocr_par' dir='ltr' id='par_1_6' title="bbox 259 3400 2334 3903">
     <span class='ocr_line' id='line_1_26' title="bbox 352 3400 2334 3552; baseline -0.003 -25.751"><span class='ocrx_word' id='word_1_180' title='bbox 352 3462 632 3552; x_wconf 70' lang='lat' dir='ltr'>Quod</span> <span class='ocrx_word' id='word_1_181' title='bbox 665 3473 961 3528; x_wconf 80' lang='lat' dir='ltr'>auctores</span> <span class='ocrx_word' id='word_1_182' title='bbox 992 3400 1532 3528; x_wconf 57' lang='lat' dir='ltr'>Samaritanismi„</span> <span class='ocrx_word' id='word_1_183' title='bbox 1564 3463 1782 3540; x_wconf 83' lang='lat' dir='ltr'>legem</span> <span class='ocrx_word' id='word_1_184' title='bbox 1819 3460 2113 3538; x_wconf 77' lang='lat' dir='ltr'>oralem,·</span> <span class='ocrx_word' id='word_1_185' title='bbox 2161 3474 2334 3536; x_wconf 54' lang='lat' dir='ltr'>natm</span> 
     </span>
     <span class='ocr_line' id='line_1_27' title="bbox 263 3572 2325 3663; baseline -0.003 -19"><span class='ocrx_word' id='word_1_186' title='bbox 263 3596 339 3645; x_wconf 72' lang='grc' dir='ltr'>πει</span> <span class='ocrx_word' id='word_1_187' title='bbox 381 3572 552 3643; x_wconf 59' lang='lat' dir='ltr'>&#39;avam</span> <span class='ocrx_word' id='word_1_188' title='bbox 587 3600 703 3641; x_wconf 90' lang='lat' dir='ltr'>seu</span> <span class='ocrx_word' id='word_1_189' title='bbox 741 3580 1134 3646; x_wconf 86' lang='lat' dir='ltr'>traditiones</span> <span class='ocrx_word' id='word_1_190' title='bbox 1167 3576 1542 3663; x_wconf 87' lang='lat' dir='ltr'>placitaque</span> <span class='ocrx_word' id='word_1_191' title='bbox 1587 3579 1915 3652; x_wconf 85' lang='lat' dir='ltr'>maiorum</span> <span class='ocrx_word' id='word_1_192' title='bbox 1948 3577 2325 3655; x_wconf 80' lang='lat' dir='ltr'>reieceriht‚</span> 
     </span>
     <span class='ocr_line' id='line_1_28' title="bbox 259 3678 2326 3782; baseline -0.004 -18"><span class='ocrx_word' id='word_1_193' title='bbox 259 3702 506 3764; x_wconf 86' lang='lat' dir='ltr'>mirum</span> <span class='ocrx_word' id='word_1_194' title='bbox 532 3717 667 3760; x_wconf 89' lang='lat' dir='ltr'>non</span> <span class='ocrx_word' id='word_1_195' title='bbox 698 3709 819 3775; x_wconf 87' lang='lat' dir='ltr'>est,</span> <span class='ocrx_word' id='word_1_196' title='bbox 867 3721 1011 3762; x_wconf 91' lang='lat' dir='ltr'>cum</span> <span class='ocrx_word' id='word_1_197' title='bbox 1043 3678 1256 3763; x_wconf 89' lang='lat' dir='ltr'>multo</span> <span class='ocrx_word' id='word_1_198' title='bbox 1296 3688 1629 3777; x_wconf 83' lang='lat' dir='ltr'>graviores</span> <span class='ocrx_word' id='word_1_199' title='bbox 1671 3697 2326 3782; x_wconf 79' lang='lat' dir='ltr'>praestantioresque</span> 
     </span>
     <span class='ocr_line' id='line_1_29' title="bbox 266 3812 2332 3903; baseline -0.004 -20"><span class='ocrx_word' id='word_1_200' title='bbox 266 3818 307 3883; x_wconf 85' lang='lat' dir='ltr'><strong>J</strong></span> <span class='ocrx_word' id='word_1_201' title='bbox 311 3816 673 3903; x_wconf 83' lang='lat' dir='ltr'>udaeorum</span> <span class='ocrx_word' id='word_1_202' title='bbox 719 3814 925 3880; x_wconf 87' lang='lat' dir='ltr'>libros</span> <span class='ocrx_word' id='word_1_203' title='bbox 969 3816 1311 3882; x_wconf 85' lang='lat' dir='ltr'>Mosaismi</span> <span class='ocrx_word' id='word_1_204' title='bbox 1347 3836 1575 3896; x_wconf 88' lang='lat' dir='ltr'>causa,</span> <span class='ocrx_word' id='word_1_205' title='bbox 1616 3815 1695 3878; x_wconf 90' lang='lat' dir='ltr'>in</span> <span class='ocrx_word' id='word_1_206' title='bbox 1738 3815 2074 3894; x_wconf 80' lang='lat' dir='ltr'>integrum</span> <span class='ocrx_word' id='word_1_207' title='bbox 2115 3812 2332 3882; x_wconf 59' lang='lat' dir='ltr'>resti-³</span> 
     </span>
    </p>
   </div>
   <div class='ocr_carea' id='block_1_5' title="bbox 275 4010 685 4033">
    <p class='ocr_par' dir='ltr' id='par_1_7' title="bbox 275 4010 685 4033">
     <span class='ocr_line' id='line_1_30' title="bbox 275 4010 685 4033; baseline 0 1184"><span class='ocrx_word' id='word_1_208' title='bbox 275 4010 685 4033; x_wconf 95' lang='lat' dir='ltr'> </span> 
     </span>
    </p>
   </div>
   <div class='ocr_carea' id='block_1_6' title="bbox 339 4137 2259 4318">
    <p class='ocr_par' dir='ltr' id='par_1_8' title="bbox 339 4137 2259 4318">
     <span class='ocr_line' id='line_1_31' title="bbox 343 4137 847 4209; baseline -0.01 -13"><span class='ocrx_word' id='word_1_209' title='bbox 343 4144 398 4209; x_wconf 73' lang='grc' dir='ltr'>ι)</span> <span class='ocrx_word' id='word_1_210' title='bbox 431 4146 587 4197; x_wconf 71' lang='lat' dir='ltr'>Joan.</span> <span class='ocrx_word' id='word_1_211' title='bbox 625 4137 732 4192; x_wconf 70' lang='lat' dir='ltr'>lv:</span> <span class='ocrx_word' id='word_1_212' title='bbox 760 4153 847 4192; x_wconf 75' lang='lat'>22.</span> 
     </span>
     <span class='ocr_line' id='line_1_32' title="bbox 339 4238 2259 4318; baseline -0.005 -17"><span class='ocrx_word' id='word_1_213' title='bbox 339 4249 395 4318; x_wconf 84' lang='lat'>2)</span> <span class='ocrx_word' id='word_1_214' title='bbox 434 4246 598 4300; x_wconf 87' lang='lat' dir='ltr'>Conf.</span> <span class='ocrx_word' id='word_1_215' title='bbox 633 4264 745 4298; x_wconf 82' lang='lat' dir='ltr'>ven.</span> <span class='ocrx_word' id='word_1_216' title='bbox 784 4244 1027 4298; x_wconf 72' lang='lat' dir='ltr'>Cnnrsr.</span> <span class='ocrx_word' id='word_1_217' title='bbox 1063 4244 1337 4301; x_wconf 71' lang='lat' dir='ltr'>Tazora.</span> <span class='ocrx_word' id='word_1_218' title='bbox 1388 4247 1670 4303; x_wconf 63' lang='lat' dir='ltr'>Korn-021.</span> <span class='ocrx_word' id='word_1_219' title='bbox 1706 4246 1990 4304; x_wconf 72' lang='lat' dir='ltr'>comment.</span> <span class='ocrx_word' id='word_1_220' title='bbox 2023 4244 2099 4300; x_wconf 66' lang='lat' dir='ltr'>aa</span> <span class='ocrx_word' id='word_1_221' title='bbox 2131 4240 2182 4292; x_wconf 68' lang='lat'>7..</span> <span class='ocrx_word' id='word_1_222' title='bbox 2223 4238 2259 4289; x_wconf 78' lang='grc' dir='ltr'>ἶ.</span> 
     </span>
    </p>
   </div>
  </div>
 </body>
</html>
