2978 5217
1674 465 1767 534 82

677 644 829 699 rum
852 635 1139 703 multum
1160 632 1481 712 tribuens,
1497 652 1599 695 ex
1613 627 1940 696 Chronico
1958 629 2433 697 Samaritarum
2458 640 2660 703 refert
2678 646 2764 718 ι)·,·

674 751 1015 818 Romanos
1072 754 1148 816 in
1205 768 1436 816 monte
1494 749 1788 816 Garizim
1840 771 2062 831 avem,
2096 736 2414 833 aeneam,
2512 758 2757 820 scilicet

675 873 1084 951 columbam,
1127 872 1521 949 iuxtasolis
1565 889 1829 934 cursum
1877 889 1952 933 se
1999 883 2506 937 convertentem
2556 873 2769 939 instar

673 992 1049 1054 telesmatis
1081 991 1403 1073 erexisse,
1448 1011 1656 1076 quae,
1702 990 1762 1053 si
1793 989 1941 1076 quis
1971 988 2425 1055 Samaritanus
2465 1005 2765 1057 montem

679 1130 1073 1175 ascensurus
1124 1111 1400 1190 fuisset,
1466 1111 1885 1189 clamaverit,
1960 1106 2342 1175 Hebraeus!
2419 1138 2422 1139 ⁷
2463 1111 2765 1176 Pluribus

675 1228 882 1310 igitur
917 1252 1055 1291 non
1085 1250 1249 1311 opus
1284 1227 1574 1304 videtur,
1620 1237 1696 1287 ut
1715 1226 2111 1288 testimonio
2158 1230 2537 1311 sapientum
2588 1228 2771 1314 apud

674 1342 1160 1409 Maimonidem
1197 1341 1365 1406 fides
1393 1341 1825 1422 adhibeatur,
1871 1340 2053 1426 quod
2100 1342 2365 1424 signum
2417 1350 2769 1412 columbae

674 1460 1084 1525 invenerint.
2622 1459 2628 1466 ‘

855 1575 1041 1660 Quid
1076 1598 1245 1643 vero
1280 1575 1364 1642 de
1412 1576 1786 1643 Samaritae
1833 1578 2150 1662 anonymi
2188 1578 2579 1645 testimonio
2623 1592 2775 1644 sta-³

680 1700 1010 1768 tuendum
1043 1699 1153 1779 sit,
1197 1700 1429 1787 paucis
1453 1697 1903 1785 dispiciamus.
2787 1692 2792 1697 ’

818 1858 823 1869 ·
856 1819 1008 1917 Jam
1038 1818 1149 1881 hic
1175 1831 1404 1882 auctor
1441 1837 1818 1899 anonymus
1868 1818 2125 1882 nemini
2161 1817 2360 1882 facile
2395 1815 2779 1904 persuade-n¹

685 1942 830 2018 hit,
878 1934 1860 2015 Romanos-monti·Garizim,··
1891 1947 1967 2000 ut
2006 1936 2356 2019 indigenas
2404 1938 2781 2019 abigerent,

672 2042 1060 2122 ‘columbam
1100 2072 1383 2118 aeneam
1422 2053 1847 2139 imposuisse.
1951 2053 2130 2119 Satis
2177 2054 2454 2142 quidem
2499 2027 2780 2133 constat,

681 2174 976 2240 'Veteres
1032 2173 1265 2237 solitos
1319 2171 1562 2251 fuisse,
1639 2171 2030 2236 animalium
2070 2173 2514 2238 arcendorum
2560 2193 2783 2249 causa,

628 2299 633 2307 '
685 2298 1039 2360 telesmata
1082 2293 1376 2374 erigere,
1433 2292 1765 2377 scorpios,
1803 2302 2193 2375 serpentes,
2259 2294 2554 2356 ciconias
2598 2291 2788 2371 figu-

685 2434 927 2501 rasque
962 2411 1246 2477 aliorum
1275 2410 1734 2477 animantium.
1810 2408 1948 2474 Sed
1989 2408 2279 2475 Romani
2305 2411 2359 2474 ii
2394 2432 2539 2473 non
2570 2420 2787 2488 erant,

693 2536 831 2620 qui,
861 2533 979 2597 ubi
1006 2552 1198 2598 mons
1233 2526 1705 2602 custodiendus
1732 2528 2199 2617 praesidioque
2216 2528 2583 2594 firmandus
2620 2538 2790 2606 erat,

690 2654 975 2714 telesma
1023 2645 1318 2727 erigere,
1378 2650 1939 2729 excubiarumque
1982 2645 2388 2736 agendarum
2450 2648 2668 2727 gratia
2714 2648 2793 2708 in

691 2761 1024 2832 eiusmodi
1065 2765 1331 2856 signum
1375 2758 1907 2828 cavummilites
1945 2759 2310 2824 immittere
2354 2763 2791 2844 maluissent,

694 2885 1219 2952 commissantes
1245 2891 1362 2943 aut
1405 2877 1815 2942 dormientes
1858 2877 2382 2972 commilitones,
2445 2901 2602 2942 cum
2647 2882 2795 2943 ho·-

695 3008 819 3072 stis
848 3003 1430 3091 appropinquaret,
1476 2995 1562 3062 ad
1586 3018 1770 3064 arma
1799 2998 2066 3061 cituros.
2152 2995 2530 3061 Auctorem
2562 2994 2795 3061 Chro-

700 3126 841 3191 nici
866 3122 1272 3187 Samaritani
1299 3117 1552 3204 pudere
1590 3138 1729 3182 non
1754 3114 2039 3180 debebat
2056 3164 2074 3196 ,
2123 3113 2205 3177 de
2232 3114 2623 3181 idololatria
2670 3135 2795 3181 ex·-

696 3255 1106 3314 traneorum,
1157 3254 1245 3296 ex
1271 3234 1486 3315 Syria,
1530 3236 1633 3294 uti
1662 3231 2077 3311 videtur,·in
2107 3232 2479 3297 Samariam
2530 3234 2798 3319 depor-

697 3369 1028 3435 tatorum,
1073 3364 1372 3418 accurate
1417 3373 1496 3415 ea
1527 3369 1886 3437 exponere,
1932 3369 2101 3435 quae
2131 3359 2242 3411 aut
2288 3368 2375 3409 ex
2419 3348 2798 3419 traditione

703 3479 1054 3556 maiorum,
1102 3486 1216 3538 aut
1245 3495 1332 3538 ex
1358 3472 1548 3537 libris
1580 3469 2163 3553 monumentisque
2201 3467 2487 3532 vetustis
2519 3467 2610 3533 de
2650 3470 2796 3536 Cu..

706 3600 1061 3663 thaeorum
1102 3593 1427 3676 religione
1460 3613 1535 3655 ac
1580 3589 1722 3654 deis
1756 3589 2309 3666 ei-innotuerant,
2353 3588 2619 3674 hacque
2669 3612 2797 3653 ορ..

709 3718 1006 3798 casione,
1065 3716 1186 3780 ubi
1234 3733 1400 3798 opus
1439 3709 1823 3787 videbatur,
1895 3703 2286 3787 ostendere,
2330 3728 2533 3792 quam
2584 3686 2801 3773 alieni

786 4038 835 4113 t)
871 4042 936 4090 In
974 4042 1263 4092 Diam-tat.
1317 4030 1608 4092 miscellan.
1648 4037 1694 4092 Ι.
1734 4053 1834 4108 ¹47
1862 4050 1985 4107 sqq.
2084 4035 2228 4089 Ante
2263 4031 2583 4090 Relandum
2616 4028 2797 4092 huius

800 4157 813 4164 *
851 4143 1077 4199 fabulae
1103 4145 1364 4198 meminit
1391 4147 1477 4199 Jo.
1514 4143 1707 4195 anm.
1745 4142 2139 4207 Hom-monn,
2189 4139 2478 4191 Exercitat·
2525 4135 2792 4188 Antima-

854 4253 957 4305 rin.
994 4264 1123 4320 Pag.
1164 4250 1301 4304 216„
