2978 5217
1302 493 1726 575 ·-·-··‚7G
1827 527 2051 551 ---.

643 661 782 725 tiae
811 661 1262 728 ducentesimo
1310 661 1725 740 sexagesimo
1771 653 2185 753 densissimis
2231 661 2523 730 tenebris
2568 678 2711 753 op-g

644 798 947 861 pressum
998 800 1143 843 esse
1195 779 1696 843 tabernaculum
1740 778 1809 841 in
1862 790 2090 841 monte
2137 776 2463 860 Garizim,
2533 782 2708 851 Ozia

641 895 962 979 pontifice
1001 897 1201 961 valde
1262 901 1773 982 obstupescente
1819 894 1891 981 ¹).
2002 895 2171 960 Nam
2228 899 2389 962 satis
2432 910 2709 978 constat,

638 991 1073 1079 ‚Salomonem
1105 1018 1639 1095 tabernaculum,
1686 1036 1904 1079 arcam
1946 1027 2242 1082 sanctam
2285 1029 2353 1080 et
2387 1038 2551 1082 vasa
2594 1038 2710 1081 sa·-

647 1151 754 1192 cra
779 1131 854 1195 in
883 1136 1212 1221 templum
1237 1134 1558 1200 Sioneum
1590 1135 1923 1197 intulisse.

817 1250 1432 1334 Quomodocunque
1484 1262 1617 1328 est,
1689 1251 2343 1333 superstruxerintne
2396 1248 2709 1314 Samari-

640 1380 752 1430 tae
793 1368 1036 1429 fabulis
1064 1369 1238 1446 illis,
1284 1366 1429 1429 sive
1462 1365 1798 1449 opinioni,
1859 1340 2036 1451 quod
2091 1366 2444 1431 deficiente
2475 1371 2718 1432 taber-

644 1488 881 1547 naculo
926 1484 1321 1547 Mosaismus
1357 1483 1729 1562 integritati
1782 1503 1941 1545 suae
1981 1484 2245 1548 restitui
2299 1506 2456 1551 ιιοιι
2475 1486 2723 1571 possit,

645 1588 966 1713 placitum
993 1624 1033 1665 a
1059 1597 1647 1685 Mopharredschio
1682 1596 1832 1663 cum
1861 1599 2103 1682 Anglis
2136 1617 2224 1663 ex
2248 1602 2439 1664 libris
2467 1623 2718 1686 super-

649 1700 917 1785 stitibus
962 1719 1553 1795 communicatum,
1622 1714 1939 1784 Messiam
1980 1739 2233 1784 sacram
2278 1738 2546 1784 scenam
2592 1723 2725 1783 ab·-

647 1837 1020 1903 sconditum
1061 1840 1135 1902 in
1162 1839 1381 1899 lucem
1426 1845 1951 1920 protracturum,
2010 1859 2287 1925 eamque
2326 1839 2546 1903 monti
2578 1836 2726 1902 Ga·-

650 1960 848 2023 rizim
873 1956 1364 2044 impositurum,
1410 1956 1564 2017 sive
1597 1954 1782 2035 aliis,
1830 1976 1999 2040 quae
2027 1958 2434 2038 ignoramus,
2480 1956 2729 2029 Sama-

649 2074 981 2136 titanismi
1008 2072 1457 2151 dogmatibus.
1500 2073 1721 2155 palam
1763 2083 1901 2152 est,
1907 2074 2288 2157 originem
2317 2077 2525 2141 huius
2560 2084 2728 2146 sen-2

650 2188 900 2252 tentiae
932 2209 972 2250 a
1007 2188 1423 2275 temporibus
1471 2207 1618 2251 esse
1669 2189 2137 2275 repetendam,
2198 2193 2438 2278 quibus
2479 2193 2726 2258 Sama-

536 2352 545 2366 ι
650 2307 1041 2372 titanismus
1077 2306 1275 2371 certis
1307 2326 1380 2369 ac
1422 2319 1748 2392 perpetuo
1778 2306 2111 2374 duraturis
2167 2308 2454 2375 decretis
2496 2280 2732 2374 inclu—

650 2434 802 2508 sus,
874 2424 1217 2493 Judaismo
1276 2423 1624 2514 oppositus
1682 2427 1833 2490 fuit.
1920 2426 2061 2490 Hac
2101 2429 2283 2492 enim
2298 2431 2730 2516 tempestato

656 2545 800 2610 sive
829 2534 1102 2610 traditio
1146 2558 1261 2612 aut
1289 2546 1553 2626 sabula,
1597 2547 1745 2611 sive
1786 2566 1982 2611 causa
2008 2546 2253 2612 idonea
2293 2547 2571 2612 affuisse
2614 2545 2733 2608 vi·-

622 2638 884 2740 detur,
928 2683 1100 2748 quae
1143 2661 1500 2727 Samaritas
1543 2662 1804 2741 adegit,
1866 2665 2356 2748 praecipiendi,
2412 2683 2748 2746 magnum

651 2767 1013 2841 venturum
1041 2775 1441 2857 prophetam
1478 2776 1982 2838 tabernaculum
2012 2780 2231 2840 monti
2273 2778 2573 2843 Garizim
2612 2798 2736 2841 es·-

653 2914 728 2959 se
768 2892 1258 2979 impositurum.
1361 2889 1537 2954 Nam
1581 2911 1778 2955 nemo
1821 2914 1960 2956 non
2004 2894 2234 2977 videt,
2289 2897 2738 2963 sectatoribus

654 3008 1223 3091 Samaritanismi,
1263 3020 1622 3099 postquam
1659 3010 1827 3075 haec
1881 3012 2154 3095 religio
2160 3014 2236 3077 in
2270 3017 2558 3079 formam
2601 3034 2736 3101 pe·-

659 3127 979 3197 culiarem
1023 3147 1428 3215 corpusque,
1504 3126 1683 3213 quod
1738 3126 2002 3211 dicunt,
2062 3127 2402 3199 doctrinae
2464 3133 2736 3199 redacta

659 3260 870 3326 esset,
912 3245 1096 3310 haud
1120 3246 1410 3322 licuisse,
1453 3245 1531 3306 in
1557 3245 1722 3310 alias
1753 3260 1978 3332 partes
2017 3250 2237 3332 abire,
2297 3250 2736 3352 dogmataque

655 3385 700 3429 a
744 3361 1104 3427 maioribus
1140 3359 1550 3446 praescripta
1586 3371 1657 3428 et
1691 3364 1945 3427 sancita
1987 3375 2105 3427 aut
2139 3364 2575 3482 adulterare,
2620 3376 2752 3432 aut

660 3483 858 3551 novis
904 3479 1247 3568 ampliare.

826 3598 1184 3689 Superest,
1224 3610 1302 3663 ut
1332 3597 1417 3664 de
1451 3610 1669 3692 morte
1708 3598 1995 3667 Messiae
2031 3602 2397 3670 secundum
2423 3601 2735 3674 Samari-⁴2

660 3735 901 3792 tarum
894 3714 1250 3785 decretum
1280 3689 1692 3784 Messianum
1724 3718 2146 3788 disseramus.
2513 3731 2522 3739 ’
2699 3703 2710 3728 ’

831 3838 1253 3925 Quamquam
1273 3835 1566 3902 Rabbini
1591 3836 1903 3905 Messiam
1919 3861 2094 3922 eum,
2136 3840 2362 3930 quem*
2363 3841 2731 3919 secundum

664 3977 783 4021 sua
811 3957 1099 4041 placita,
1134 3954 1627 4024 Samaritanum
1666 3956 2014 4049 filiumque
2045 3960 2329 4053 sosephi
2365 3964 2733 4054 appellanti

700 4219 703 4222 A
743 4260 797 4334 1)
830 4261 991 4330 Aetae-
1014 4259 1353 4316 &aditorum
1394 4266 1466 4319 A.
1505 4262 1656 4336 1691.
1690 4266 1818 4339 pag.
1859 4267 1975 4330 168.
