2978 5217
1349 488 1449 559 43

371 659 534 724 daeo
569 670 832 722 cautum
861 660 1038 721 esset
1062 651 1149 736 ¹),
1189 673 1282 723 ,ne
1315 652 1460 736 quis
1492 651 1931 733 alienigenam
1970 674 2249 720 uxorem
2290 657 2425 722 du·—

379 792 582 856 ceret,
634 775 862 836 ductae
888 784 1110 834 autem
1143 771 1669 850 remitterentur3
1712 785 1862 856 post
1905 781 2111 836 annos
2160 790 2425 840 centum

378 872 448 965 et
469 894 760 975 triginta,
809 903 874 952 et
904 888 1077 974 quod
1108 889 1418 966 excurrit,
1449 888 1700 977 accidit,
1746 904 1820 953 ut
1846 895 2059 971 multi,
2101 860 2240 957 taqm
2269 898 2424 979 ple—

375 1017 550 1092 beii,
609 1032 802 1097 quam
845 1029 1150 1094 proceres
1201 1005 1738 1091 sacerdotesque,
1796 1021 1863 1071 et
1903 1011 2080 1072 inter'
2120 1014 2242 1074 hos
2274 1010 2428 1075 Ma-

342 1134 355 1151 ”’
378 1153 603 1210 nasse,
662 1129 767 1191 cui
797 1104 1067 1203 Nicas0‚
1115 1125 1531 1188 Sanballathi
1577 1124 1749 1205 filia,
1807 1145 2140 1212 nupserat,
2188 1132 2434 1194 huius—

376 1251 558 1316 modi
591 1248 932 1312 connubiis
973 1245 1228 1307 illicitis
1255 1245 1579 1328 implicati
1609 1259 1849 1308 essent.
1938 1246 2433 1312 Postulanti'bus
2535 1286 2543 1301 ι

270 1420 274 1424 .
379 1383 600 1437 autem
628 1366 667 1429 J
673 1365 898 1428 udaeis
918 1412 935 1442 ‚
979 1374 1055 1424 ut
1087 1362 1393 1424 manasse
1421 1364 1535 1424 vel
1557 1358 1836 1428 uxorem
1866 1365 2281 1452 repudiaret,
2320 1346 2436 1431 v‘el

373 1488 458 1553 ad
486 1492 691 1550 altare
739 1505 875 1546 non
920 1483 1205 1564 amplius
1242 1479 1621 1543 accederet:
1679 1483 1826 1557 hic,
1880 1489 2261 1561 cogentibus
2301 1509 2436 1570 po-

377 1603 717 1692 pularibus
754 1617 1006 1661 morem
1053 1617 1186 1657 non
1219 1616 1491 1675 gerens,
1544 1609 1681 1692 eta
1718 1602 1921 1659 fratre
1951 1599 1990 1659 J
1996 1597 2163 1661 'addo
2212 1622 2437 1666 sacer-

383 1722 565 1786 dotio
601 1730 842 1783 exutus
872 1727 939 1776 et
969 1717 1047 1776 ab
1087 1715 1282 1777 altari
1334 1724 1627 1776 remotus
1647 1762 1664 1792 ‚
1710 1713 1793 1776 ad
1822 1736 2121 1780 socerum
2150 1717 2439 1784 Sanbal-

378 1841 639 1904 lathum
663 1835 867 1899 Anno
915 1831 1005 1896 M.
1032 1839 1194 1900 3671
1226 1835 1559 1918 profectus
1604 1846 1724 1912 est,
1772 1834 1904 1920 qui,
1950 1857 2036 1898 ne
2061 1837 2198 1898 filia
2240 1859 2356 1901 sua
2391 1862 2439 1903 ‘a

379 1944 682 2024 manasse
727 1951 1185 2038 repudiaretur
1224 1953 1465 2034 hicque
1510 1953 1747 2015 solatio
1798 1951 1879 2015 de
1926 1952 2167 2017 amisso
2208 1972 2437 2021 sacer-

386 2076 568 2140 dotio
610 2073 1213 2153 Hierosolymitano
1260 2070 1669 2148 afficeretur,
1726 2073 2078 2156 impetrata
2121 2073 2442 2140 Alexan-

382 2194 484 2258 dri
514 2194 603 2257 M.
634 2189 1012 2256 Macedonis
1043 2190 1242 2277 venia
1288 2189 1372 2274 ³),
1416 2191 1745 2273 templum
1779 2190 1850 2250 in
1881 2204 2107 2253 monte
2145 2192 2439 2257 Gerizim

385 2313 734 2376 exstruxit.
823 2311 1160 2373 Josurnus
1190 2310 1431 2384 refert,
1488 2308 1736 2368 multos
1784 2306 2158 2371 sacerdotes
2188 2323 2254 2370 et
2295 2315 2442 2394 ple-

383 2432 571 2505 beios
601 2429 684 2492 ad
707 2430 1083 2492 Manassem
1113 2424 1455 2503 defecisse,
1502 2417 2136 2508 Sanballathumque
2170 2428 2265 2489 eis
2304 2451 2445 2491 nu...

371 2552 536 2620 'mos
567 2567 888 2633 agrosque
931 2545 1230 2629 benignej
1261 2542 1711 2608 distribuisse:
1756 2541 1851 2605 ita
1877 2555 1950 2604 ut
1981 2544 2088 2604 his
2115 2526 2446 2634 temp'ciri-

342 2635 347 2642 ι
389 2671 510 2732 bus
536 2669 817 2753 quilibet
846 2664 1137 2728 Judaeus
1183 2662 1267 2727 ad
1297 2639 1693 2725 Sichemitas
1735 2646 2140 2743 confugerit,
2190 2669 2303 2750 qui
2346 2669 2447 2733 il...

387 2788 558 2850 liciti
588 2786 833 2850 comesi
861 2784 990 2847 cibi
1037 2795 1152 2845 aut
1175 2769 1411 2845 violati
1455 2781 1757 2844 sabbathi
1797 2794 1910 2844 aut
1952 2783 2187 2846 similis
2222 2784 2446 2848 delicti

387 2873 869 2983 Hierosoiymis
910 2922 1065 2964 reus
1107 2910 1431 2977 ageretur,
1478 2899 1876 2959 calumniam
1901 2897 1993 2959 ²se
2028 2920 2294 2983 passum
2330 2904 2445 2965 di-

396 3019 637 3081 ctitans
669 3023 748 3094 ³).

563 3136 605 3199 J
609 3158 902 3201 osismus
946 3135 1176 3219 utique
1206 3129 1503 3209 reticuit,
1551 3127 1657 3191 cui
1680 3129 1805 3194 d'eo
1822 3128 2287 3198 Sanballathus
2318 3158 2453 3200 no·-

395 3279 550 3322 vam
589 3256 825 3318 aedem
864 3252 1404 3319 Garizimitanam
1459 3248 1899 3314 dedicaverit:
1955 3249 2083 3313 ¹sed
2128 3271 2450 3341 nusquam

394 3378 470 3441 in
502 3377 689 3441 libris
730 3375 867 3438 suis
893 3371 1253 3438 memoriae
1286 3368 1611 3455 prodidit,
1658 3390 1813 3434 eum
1837 3369 2035 3434 idolis
2076 3374 2192 3437 vel
2221 3387 2454 3439 extra-

702 3540 807 3552 .—

453 3664 520 3733 ·1)
553 3663 691 3716 Esra
721 3664 790 3716 X.
830 3680 986 3726 2410
1021 3680 1143 3735 sqq.
1175 3661 1408 3716 Nehem.
1442 3659 1717 3729 xl11.·25.
1742 3667 1821 3719 28·
1854 3659 2148 3713 Connubia
2182 3660 2288 3714 ista
2323 3680 2452 3717 cum

541 3766 867 3835 alienigenis
913 3768 1182 3821 uxoribus
1226 3767 1455 3820 omnino
1508 3764 1677 3817 vetita
1726 3773 1913 3831 erant,
1954 3780 2073 3817 non
2122 3764 2240 3817 sine
2292 3785 2454 3822 causa

544 3870 763 3938 idonea,
798 3870 974 3923 Exod.
1012 3870 1253 3925 XXXIV.
1296 3871 1376 3924 16.
1413 3871 1724 3923 Deuteron.
1764 3869 1886 3922 VII.
1926 3883 1977 3926 2.
2205 3937 2210 3942 .

478 3974 801 4045 2)Josm›11.
855 3973 1180 4042 Antiquitat.
1230 3976 1389 4028 XIII.
1442 3991 1523 4045 17.
1586 3963 1778 4027 Colon.
1822 3989 1959 4043 pag.
2022 3990 2147 4043 450.
2219 3975 2452 4029 Haverc.
2555 4011 2558 4020 1

548 4077 703 4131 XIII.
741 4094 792 4147 9.
827 4093 956 4147 pag.
993 4078 1111 4145 659.
1759 4055 1764 4062 i

480 4186 536 4253 3)
574 4187 807 4237 Josern.
859 4165 1186 4250 Antiquitat.
1236 4181 1334 4234 XI.
1385 4189 1434 4242 8.
1493 4159 1687 4238 001οῂ.
1723 4196 1848 4251 pag.
1896 4189 2017 4251 584.
2053 4182 2173 4248 386.
2223 4183 2455 4238 Havero.

552 4304 678 4358 με·
710 4301 835 4358 579·
867 4293 989 4355 582.
1216 4281 1221 4286 ‘
1632 4303 1638 4308 ’
