2978 5217
512 886 872 951 Illa-stratio
913 887 1142 946 sinceri
1183 881 1504 966 dogmatis
1547 883 1860 943 messiani
1899 876 2482 963 Samaritanorum}

636 1091 766 1154 Cur
806 1074 1331 1152 Samaritanismi
1385 1086 1759 1152 conditores
1802 1084 2035 1166 dogma
2092 1083 2520 1166 Messinm,

450 1202 501 1273 'a
544 1211 807 1271 vatibus
851 1207 1257 1270 Judaeorum
1313 1208 1728 1293 propositum
1788 1221 1857 1270 et
1900 1217 2312 1283 enarratum,
2372 1227 2514 1269 cum

461 1304 674 1390 cetera
730 1326 968 1411 placita
1024 1323 1785 1408 Hierosolymitanorum
1865 1314 2221 1386 reficerent
2274 1322 2516 1403 omnia,

457 1469 596 1510 non
629 1443 1165 1529 repudiaverint,
1220 1445 1343 1506 vix
1376 1445 1940 1522 inteIngremuS,
1997 1442 2129 1504 nisi
2170 1442 2521 1506 morunt--

458 1582 871 1637 mensorum,
944 1562 1225 1644 epistola
1275 1558 1574 1620 TnoMAr:
1619 1558 2035 1620 MAnsnAnm
2092 1558 2302 1637 Angli
2357 1582 2522 1645 per--

461 1691 705 1756 motus,
743 1678 993 1761 aliquot
1023 1651 1461 1739 Pentateuchi
1488 1677 1633 1737 loca
1666 1674 2055 1753 indicasset,
2102 1697 2271 1759 quae
2319 1698 2358 1738 a
2390 1675 2524 1738 Sa--

459 1770 806 1862 maritan‘is
878 1794 959 1857 de
1029 1816 1270 1876 magno
1329 1808 1614 1858 venturo
1690 1796 2016 1880 propheta
2084 1795 2517 1879 explicantur.

448 1892 717 1981 *Verum
745 1901 985 1978 tamen
1021 1935 1169 1978 cum
1211 1936 1407 1978 nemo
1441 1936 1577 1976 non
1619 1914 1882 1994 videat,
1949 1897 2114 1977 haec
2152 1915 2332 1993 loca,
2390 1916 2521 1978 isto

449 2013 600 2100 *fere
647 2046 956 2120 excepto,
1019 2036 1133 2118 qui
1162 2031 1528 2098 Deuteron.
1579 2012 1807 2098 XVII.
1856 2032 2233 2123 exstatsde
2278 2032 2525 2097 Messia

453 2135 822 2218 enarranda
860 2158 1015 2214 'no'n
1060 2173 1238 2234 esse,
1315 2166 1382 2217 et
1426 2154 1546 2227 vix
1584 2154 1923 2240 probabile
1966 2155 2090 2233 sit,
2149 2152 2521 2232 Samaritis,

455 2274 584 2335 nisi
639 2272 875 2352 dogma
931 2271 1332 2337 Judaeorum
1380 2273 1791 2334 Messianum
1847 2275 2182 2351 cognitum
2235 2290 2525 2356 perspe-

449 2365 764 2473 ⁴utumque
789 2391 1213 2467 habuissent,
1272 2392 1347 2451 in
1386 2401 1682 2451 mentem
1715 2391 2020 2466 venisse,
2064 2389 2229 2449 haec
2274 2378 2527 2450 Penta-

456 2507 682 2571 teuchi
711 2508 854 2569 loca
899 2504 979 2571 de
1025 2520 1310 2572 venturo
1341 2529 1579 2587 magno
1628 2506 1953 2593 Propheta
1982 2526 2324 2570 enarrare:
2367 2512 2526 2568 ma·-

454 2614 779 2690 ‘nifestum
815 2629 961 2690 es‘se
990 2629 1404 2702 arbitramur,
1455 2626 1925 2706 Samaritanus,
1948 2667 1952 2672 ·
1975 2606 2192 2717 cetera
2222 2624 2525 2688 Judaeon

453 2759 602 2809 rum
645 2744 908 2807 decreta
940 2743 1362 2825 damnantes,
1410 2745 1675 2810 decreto
1722 2745 1805 2809 de
1845 2746 2090 2810 Messia
2136 2765 2355 2810 carere
2390 2766 2527 2808 no·-

450 2866 680 2942 luisse,
724 2867 894 2926 hanc
925 2866 1152 2930 forsan
1186 2867 1267 2924 ob
1301 2885 1587 2950 causam,
1635 2865 1811 2947 quod
1837 2866 1911 2925 in
1942 2886 2021 2928 eo
2052 2878 2233 2943 grata
2260 2868 2526 2926 fausta-

458 2989 585 3064 q'ue
631 2979 854 3040 omnia
907 2978 1189 3060 posteris
1230 2977 1600 3039 Abrahami
1640 2955 2206 3062 promitterenturss
2296 2979 2523 3072 Quare

458 3067 704 3168 mirum
736 3116 873 3156 non
917 3104 1051 3170 est,
1111 3090 1500 3170 Samaritas,
1562 3114 1708 3154 cum
1750 3087 1953 3154 libros
1999 3090 2412 3156 Psalmorum
2456 3107 2525 3158 et

456 3191 961 3301 prophetarum,
1005 3212 1080 3272 in
1110 3211 1346 3295 quibus
1390 3212 1647 3291 singula
1680 3210 1999 3273 Messiani
2042 3189 2370 3294 dogmatis
2407 3234 2527 3274 ca·-

416 3329 930 3428 kpita‘exposita
975 3340 1167 3409 sunt,
1213 3329 1600 3410 reiicerent,
1646 3329 2002 3411 diligenter
2048 3331 2414 3395 versiculos
2456 3344 2528 3396 et

448 3454 658 3514 ,effata
688 3447 1125 3514 Pentateuchi
1168 3450 1644 3528 investigasse,
1704 3469 1742 3510 e
1775 3449 2012 3535 quibus
2058 3469 2289 3511 omnes
2328 3450 2523 3514 istius

461 3566 785 3648 dogmatis
816 3581 1035 3654 partes
1081 3567 1461 3631 derivarent
1495 3567 1914 3652 speciemque
1958 3570 2287 3654 facerent,
2348 3568 2526 3655 quod

463 3684 801 3749 decretum
829 3686 1231 3751 Messianum
1269 3708 1308 3749 a
1338 3685 1380 3749 J
1385 3684 1611 3749 udaeis
1643 3706 1779 3747 non
1805 3679 2362 3767 mutuatifuerint,
2406 3687 2527 3752 sed

459 3803 631 3869 illud
657 3805 730 3866 in
763 3803 1214 3869 Pentateucho
1247 3817 1623 3869 enarratum
1653 3805 2059 3867 invenerint.
2151 3804 2363 3869 Nemo
2397 3829 2527 3870 au·-

461 3935 604 3988 tem
628 3923 1007 4003 mirabitur,
1070 3903 1424 3990 Samen-itas
1474 3926 1549 3987 in
1585 3925 1713 3986 hoc
1758 3923 2026 4004 negotio
2074 3924 2199 3988 sibi
2239 3927 2525 3989 multum

463 4027 779 4105 sumsisse
806 4044 1145 4127 multaque
1174 4045 1617 4109 Pentateuchi
1646 4045 1788 4108 loca
1826 4065 2038 4124 secus;
2080 4066 2154 4108 ac
2184 4045 2521 4129 accipien-

463 4159 547 4225 da
589 4173 775 4241 sunt,
839 4181 1199 4226 enarrasse.
1302 4164 1437 4229 Vel
1480 4166 1637 4228 hinc
1679 4163 1837 4229 inde
1885 4177 2078 4228 vetus
2118 4162 2523 4226 Judaeorum

464 4277 696 4362 dogma
719 4280 1126 4345 messianum
1158 4284 1239 4345 ab
1279 4284 1374 4347 eis
1407 4285 1846 4349 adulteratum
1877 4297 2012 4361 est,
2057 4279 2362 4365 quamvis
2389 4300 2526 4343 non
