2978 5217
1624 444 2049 517 54—-

653 618 922 699 tuendi,
1001 616 1479 681 damnaverint.
1624 610 1707 675 In
1782 609 2192 697 explicandis
2244 613 2720 679 traditionibus

658 740 1012 816 maiorum,
1072 758 1209 799 non
1262 737 1357 797 ita
1396 733 1609 796 multo
1660 740 1810 815 post
1854 730 2191 797 conditum
2241 732 2730 797 Samaritanis-

565 866 573 883 ⁸
660 875 865 933 mum,
909 852 1303 917 Pharisaeos
1329 850 1809 933 Hierosolymis
1848 852 2242 913 excelluisse
2273 873 2514 936 easque
2542 862 2725 915 anno

662 985 816 1059 post
857 970 1192 1034 Chi-istum
1236 984 1463 1034 natum
1511 971 1870 1034 centesimo
1916 972 2459 1054 quinquagesimo
2516 991 2553 1031 a
2601 991 2731 1031 ce·-

662 1090 1020 1155 leberrimo
1085 1088 1267 1153 Juna
1323 1064 1798 1153 Hamcanoscn
1872 1088 2113 1149 litteris
2187 1087 2528 1161 mandatas
2576 1108 2732 1150 esse

662 1207 996 1294 hodieque
1040 1215 1157 1276 sub
1201 1212 1469 1272 nomine
1508 1208 1854 1272 Misohnae
1896 1207 2333 1282 circumferri,
2380 1206 2738 1267 neminem

664 1329 857 1389 facile
900 1326 1087 1406 fugit.

830 1446 1187 1533 Templum
1225 1448 1773 1512 Garizimitanum
1815 1445 1992 1532 quod
2021 1447 2291 1525 attinet,
2356 1445 2734 1509 Samaritae

666 1577 964 1635 montem
993 1563 1287 1630 Garizim
1322 1588 1478 1653 prae
1525 1568 1761 1630 ceteris
1798 1565 2209 1627 Palaestinae
2251 1564 2584 1630 montibus
2611 1585 2743 1624 sa—
2795 1582 2806 1587 ·

670 1705 864 1749 ‘crum
905 1685 1182 1770 Deoque
1225 1697 1481 1766 gratum
1525 1707 1669 1750 esse
1712 1706 1798 1747 ex
1833 1680 2048 1747 variis
2077 1686 2239 1747 locis
2299 1683 2741 1746 Pentateuchi

674 1805 1018 1885 collegisse
1049 1827 1122 1866 ac
1162 1807 1474 1891 probasse
1513 1803 1850 1866 videntur.
1953 1804 2202 1866 Forsan
2243 1804 2441 1864 huius
2486 1800 2739 1862 montis

579 1939 586 1953 ’
677 1914 1678 2015 sanctitatem..demonstrarunt
1725 1941 1811 1982 ex
1855 1922 2132 1984 historia
2163 1920 2551 1998 Abrahami‚
2598 1923 2742 2004 qui,

672 2047 921 2103 terram
965 2035 1228 2100 Canaan
1265 2016 1636 2117 ingressus,
1691 2042 1943 2123 primus
1985 2038 2128 2100 Deo
2173 2040 2386 2125 patrio
2434 2061 2610 2101 aram
2656 2037 2750 2101 ad.

676 2152 932 2223 radices
957 2155 1157 2218 huius
1196 2157 1445 2219 montis
1500 2159 1716 2220 erexit
1746 2164 1825 2232 ¹):
1890 2167 2004 2218 aut
2049 2177 2133 2217 ex
2171 2157 2452 2218 historia
2481 2156 2746 2238 Jacobi,

672 2272 855 2338 idola
903 2296 1185 2338 uxorum
1242 2296 1513 2340 suarum
1561 2281 1787 2340 subter
1825 2277 2277 2340 terebinthum
2331 2267 2752 2338 Sichemita-

679 2415 844 2459 num
887 2395 1306 2459 infodeutem
1360 2405 1442 2474 ²):
1516 2396 1909 2484 praeprimis
1958 2409 2184 2458 autem
2231 2396 2403 2456 hanc
2444 2396 2530 2456 ob
2577 2417 2751 2457 cau-

679 2530 843 2591 sam,
889 2512 1085 2598 quod,
1130 2516 1317 2579 iuxta
1344 2531 1773 2605 praeceptum
1815 2516 2020 2579 Mosis
2076 2513 2160 2598 ³),
2221 2516 2296 2577 in
2342 2514 2468 2575 hoc
2512 2498 2749 2578 monte

678 2633 986 2704 omnibus
1029 2630 1352 2691 Hebraeis
1413 2635 1833 2692 benedictum
1887 2645 2021 2705 est,
2093 2633 2521 2693 Mosaismum
2571 2635 2756 2696 bona

676 2742 827 2824 fide}
853 2747 1193 2809 secuturis.
1292 2744 1406 2807 Ad
1450 2748 1628 2808 hunc
1675 2745 1853 2810 diem
1896 2746 2023 2807 iste
2066 2766 2259 2809 mons
2302 2767 2340 2807 a
2372 2744 2753 2811 Samarita—

683 2855 789 2925 nis
827 2862 1184 2923 benedictus
1225 2879 1498 2930 vocatur
1538 2888 1819 2951 eumque
1852 2868 1929 2930 in
1972 2867 2277 2929 omnibus
2307 2869 2449 2929 fere
2482 2868 2754 2951 e’pisto—

680 2978 804 3064 lis,
850 2982 934 3048 ad
972 2982 1354 3071 Europaeos
1387 2974 1682 3072 perlatis,
1728 2989 1855 3050 hoc
1888 2989 2156 3051 nomine
2186 2997 2522 3048 ornarunt.
2611 2984 2753 3047 Vel

682 3103 956 3168 Josuam
996 3104 1082 3176 tin
1121 3102 1448 3166 Chronico
1514 3103 1786 3166 tradunt
1839 3107 1979 3168 ‘hoc
2023 3108 2096 3167 in
2141 3118 2370 3168 monte
2403 3106 2752 3187 templum

683 3237 1030 3302 arcemque
1083 3219 1408 3279 excitasse
1451 3220 1766 3302 nullaque
1817 3221 2162 3296 sacrificia,
2235 3222 2366 3280 nisi
2408 3220 2491 3279 ad
2546 3221 2750 3283 huius

687 3336 934 3400 montis
964 3313 1143 3397 aram
1172 3335 1492 3398 obtulisse
1521 3333 1598 3421 ⁴).
1686 3333 1938 3397 Rursus
1968 3336 2331 3412 Anninus
2376 3334 2756 3403 Britannus

690 3443 918 3537 docet,
960 3453 1496 3535 Hom-mnemon
1532 3457 1812 3523 humani
1857 3452 2013 3539 quid
2065 3472 2334 3538 passum
2379 3475 2524 3521 esse
2537 3504 2564 3545 2
2631 3460 2750 3524 lo-

680 3843 685 3848 ·
761 3821 829 3889 2)
861 3824 1044 3875 Genea.
1075 3822 1198 3880 XII.
1235 3836 1301 3894 7.·

756 3918 815 3990 2)
860 3925 1055 3979 Genea.
1077 3926 1297 3984 XXXV.
1331 3942 1386 3993 4.

759 4024 819 4093 5)
856 4026 1132 4078 Deuteron.
1168 4029 1269 4084 XI.
1307 4045 1390 4099 29.
1426 4031 1593 4082 Ῑοειια
1626 4023 1784 4081 VIIL
1812 4045 1898 4099 35.

762 4127 820 4200 4)
855 4121 1020 4182 Teste
1042 4131 1074 4183 J
1078 4148 1164 4188 os.
1201 4133 1397 4189 Hans.
1448 4108 1843 4190 mumanae
1889 4133 1953 4188 in
1993 4132 2251 4189 Exere-ite.
2283 4115 2742 4199 antimarim'anis,

829 4248 960 4306 pag.
1000 4252 1119 4309 ιιι,
1168 4243 1171 4246 ’
1287 4271 1291 4275 -
1451 4269 1459 4279 ·
1994 4232 2022 4262 Χ
