2978 5217
1191 526 1702 650 ----14*

518 716 922 814 'maritarum
970 743 1289 811 Messiani
1346 747 1582 811 abesse
1640 743 2236 831 deprehendimus,
2313 756 2390 809 nt
2431 748 2600 812 nulli

536 866 913 929 dubitemus
957 864 1389 946 contendere,
1447 863 1740 930 Judaeos
1798 866 1927 929 sibi
1967 866 2297 950 peculiare
2357 862 2597 930 decre-

534 997 679 1047 tum
723 982 807 1047 de
846 982 1092 1049 Messia
1142 984 1555 1049 Samaritano
1612 983 1888 1046 finxisse
1948 984 2022 1044 in
2098 1003 2312 1069 eoque
2375 1006 2598 1070 expo-

532 1103 766 1183 suisse,
814 1125 982 1183 non,
1030 1102 1189 1188 quid
1210 1102 1557 1168 samaritis
1592 1099 1675 1163 de
1702 1110 1988 1162 venturo
2020 1121 2261 1180 magno
2293 1078 2596 1189 pipphe-

530 1206 623 1285 ta=
645 1223 863 1287 visum
897 1224 1132 1302 fuerit,
1177 1219 1297 1292 sed
1322 1218 1484 1306 quid
1511 1190 1573 1282 'a
1613 1216 1987 1283 doctoribus
2032 1220 2171 1283 suis
2223 1217 2306 1307 de
2348 1218 2594 1286 Messia

504 1337 946 1402 'Samaritano
975 1334 1517 1425 praecipiendum
1546 1332 1656 1401 sit.

697 1453 869 1521 Cum
894 1478 1008 1521 eos
1063 1458 1246 1522 enim
1285 1480 1424 1523 non
1459 1461 1754 1539 fugeret,
1799 1442 2129 1523 Messiam
2174 1480 2214 1521 a
2243 1457 2590 1522 Samaritis

531 1596 795 1666 quoque
821 1577 1214 1664 exspectari,
1259 1577 1682 1640 existimasse
1709 1575 2059 1658 videntur,
2106 1599 2298 1641 suum
2340 1577 2590 1640 Messi-

412 1672 423 1679 ι
530 1719 660 1777 am,
706 1693 986 1760 Davidis
1013 1697 1260 1773 filium,
1306 1714 1507 1777 quem
1535 1696 1699 1780 ipsi,
1743 1693 1951 1759 Mosis
1997 1698 2254 1768 scilicet
2292 1698 2593 1784 prophe-

447 1809 453 1815 ’
526 1827 875 1899 tarumque
908 1811 1247 1896 discipuli,
1291 1807 1667 1874 Abrahmi
1701 1813 1850 1874 veri
1893 1817 2180 1899 posteri,
2241 1827 2599 1901 exspecta-

527 1938 698 2010 rent,
745 1930 827 1994 ad
854 1929 1247 2007 Samaritae,
1292 1940 1674 1993 exterarum
1719 1930 2018 2011 gentium
2059 1930 2596 2019 Judaeorumque

523 2049 880 2135 impiorum
921 2068 995 2109 ac
1027 2049 1448 2130 perfugarum
1482 2047 1953 2127 colluvionem,
1997 2051 2235 2136 templi
2262 2049 2597 2117 Hieroso-

500 2153 507 2209 =³
523 2166 831 2251 lymitani
862 2164 1267 2244 desertores,
1322 2163 1645 2230 librorum
1692 2168 2168 2254 prophetarum
2204 2172 2594 2236 temerarios

504 2288 1006 2365 contemtores,
1049 2282 1230 2349 haud
1275 2296 1597 2370 spectare.
1697 2282 1993 2373 Ideoque
2038 2289 2208 2351 nulli
2256 2288 2594 2354 dubitasse

523 2390 842 2472 videntur
883 2425 1213 2486 asserere,
1271 2402 1587 2469 messiam
1611 2403 2092 2471 Samaritarum
2134 2430 2173 2472 a
2217 2432 2338 2474 suo
2380 2422 2593 2496 eoque

522 2546 707 2605 vero,
750 2526 984 2612 utpote
1029 2545 1069 2586 a
1108 2524 1452 2608 prophetis
1479 2525 1839 2607 praedicto,
1884 2526 2127 2592 Messia
2165 2527 2593 2612 distinguen-

500 2641 684 2705 ‘'dum
715 2662 894 2720 esse,
936 2642 1464 2725 fluxeruntque,
1517 2662 1635 2705 seu
1678 2644 1901 2726 potius
1941 2647 2271 2725 fingentes
2309 2669 2593 2733 praece-

450 2753 453 2758 ’
488 2848 489 2851 ¹
521 2773 766 2846 perunt
799 2733 1117 2844 placitum
1163 2757 1245 2820 de
1293 2757 1538 2823 Messia
1585 2758 2035 2841 Samaritano,
2106 2762 2414 2851 huncque
2459 2766 2592 2831 do-

500 2885 800 2942 'cuerunt
839 2899 974 2940 non
1019 2899 1059 2941 e
1098 2876 1424 2942 Davidica
1475 2880 1723 2964 stirpe,
1790 2878 1910 2943 sed
1945 2901 1983 2945 a
2037 2883 2265 2946 sobole
2311 2863 2591 2972 Josephi

492 2995 846 3081 ‘originem
890 3010 1288 3079 tracturum3
1345 2995 1594 3063 Messia
1638 2997 1919 3065 Davidis
1976 3001 2117 3066 filio
2164 3002 2473 3089 quicquid
2512 3008 2588 3068 in

490 3119 648 3179 'hoc
693 3128 972 3199 spectes,
1018 3120 1162 3179 sive
1201 3116 1478 3193 originis
1522 3117 1947 3197 decus‚-siv·e
1990 3143 2213 3186 rerum
2256 3122 2590 3200 gerenda-

489 3239 670 3294 'rum
709 3231 1005 3309 gloriam,
1053 3231 1194 3291 sive
1234 3229 1520 3306 doctoris
1543 3230 1939 3310 dignitatem
1961 3255 2331 3313 summam,
2376 3241 2589 3301 multo

518 3350 663 3410 fore
703 3345 1125 3428 inferiorem3
1168 3346 1412 3409 multas
1437 3347 1635 3411 illum
1681 3346 1951 3434 quidem
1992 3320 2094 3412 der
2120 3350 2425 3416 hostibus
2466 3355 2586 3417 vi-

521 3466 756 3530 ctorias
789 3476 1311 3550 reportaturum,
1370 3465 1491 3531 sed
1533 3465 1837 3548 tandem,
1898 3479 2169 3554 propter
2203 3466 2583 3539 seroboami

516 3599 806 3672 peccata,
848 3588 924 3650 in
962 3587 1216 3673 praelio
1259 3588 1734 3653 occubiturum.

687 3712 975 3777 Iudaeos
1014 3708 1416 3771 recentiores
1456 3708 1787 3772 sincerum
1817 3709 2309 3795 genuinamque
2343 3709 2579 3794 dogma

518 3828 990 3910 Samaritarum
1007 3829 1413 3892 Messianum
1443 3848 1652 3913 aeque
1683 3849 1757 3891 ac
1776 3826 2178 3914 Europaeos,
2222 3843 2579 3916 antequam

515 3947 1141 4011 Mor-nauusnscnu
1195 3947 1462 4010 litterae
1503 3948 1580 4010 in
1619 3946 1936 4028 Angliam
1974 3950 2270 4035 perlatae
2329 3960 2573 4038 essent,

508 4067 876 4148 ignorasse,
921 4065 1081 4127 satis
1111 4063 1474 4128 verisimile
1508 4063 1795 4136 videtur.
1881 4066 2051 4134 Nam
2077 4070 2137 4133 si
2178 4071 2305 4131 hoc
2351 4064 2573 4129 decre-

513 4197 657 4250 tum
694 4180 1057 4248 secundum
1103 4194 1400 4246 mentem
1439 4181 2004 4251 Samaritanorum
2038 4187 2380 4267 cognitum¹
2409 4205 2578 4269 per-
2677 4251 2682 4258 ,

513 4293 941 4392 spectumque
974 4302 1387 4385 habuissent,
1410 4302 1553 4369 -vix
1591 4302 1867 4371 dubium
1898 4315 2036 4385 est,
2094 4304 2260 4393 quin
2297 4325 2577 4369 accura-
