2978 5217
977 488 1200 507 ..--
1302 456 1732 537 237—-

321 630 495 698 tato,
565 616 873 682 adorasse
930 618 1300 706 iisdemque
1344 620 1549 686 Mosis
1590 620 1845 703 legibus
1906 642 1982 686 ac
2027 623 2380 708 institutis,

308 710 518 824 utque
545 741 737 816 illos,
783 742 1296 824 obtemperasse.
1343 738 1543 805 Saule
1575 763 1726 823 rege
1757 744 2107 821 exstincto,
2151 741 2383 809 Israea-

313 858 477 919 litae
521 854 793 919 Judaeis
851 855 937 919 de
989 877 1244 921 summa
1286 879 1508 923 rerum
1567 858 1833 944 quidem
1875 861 2382 927 aemulabantur

319 973 532 1060 deque
581 995 659 1038 ea
687 957 801 1037 {rel
833 978 1015 1058 bello.
1051 979 1389 1040 certabant
1431 975 1516 1062 ¹):
1577 977 1692 1040 sed
1727 979 2107 1041 testimonia
2150 990 2218 1042 et
2247 996 2381 1043 ve-
2438 965 2441 971 ¹

314 1095 510 1175 stigia
533 1095 731 1180 plane
761 1092 1030 1173 desunt,
1079 1115 1192 1159 eos
1234 1097 1310 1159 in
1342 1098 1561 1176 rebus,
1608 1096 1693 1159 ad
1730 1096 2121 1176 religionem
2160 1098 2380 1184 perti-

313 1214 658 1292 nentibus,
721 1234 757 1276 a
782 1212 1088 1276 Mosaicis
1126 1213 1540 1295 dogmatibus
1583 1213 2377 1315 placitisquedqctorum‚

312 1333 427 1418 qui
455 1309 710 1395 Mosem
738 1332 949 1434 secuti
988 1345 1177 1412 sunt,
1225 1335 1369 1396 sive
1411 1333 1823 1421 sacerdotes,
1885 1334 2027 1395 sive
2072 1334 2377 1419 prophe-

309 1463 418 1514 tae
454 1451 743 1529 fuerint,
807 1450 1222 1530 discessisse,
1287 1451 1445 1515 licet
1493 1455 1825 1538 ‚templum
1880 1450 2377 1515 Salomonicum

308 1568 1011 1654 splendidissimusque
1049 1552 1339 1631 numinis
1370 1566 1605 1646 cult'us,
1650 1570 1764 1650 qui
1784 1569 1852 1631 in
1883 1586 1963 1627 eo
1999 1571 2375 1649 perageba-

305 1698 438 1764 tur,
479 1684 934 1748 Israelitarum
954 1682 1279 1745 invidiam
1312 1698 1445 1745 non
1480 1681 1973 1768 compescuerit.
2041 1681 2376 1769 ,Salomo-

309 1825 395 1867 ne
429 1813 653 1867 autem
679 1813 963 1906 mortuo,
1010 1821 1158 1863 cum
1188 1801 1396 1864 denae
1436 1822 1523 1864 ex
1555 1796 1877 1866 duodenis
1917 1798 2374 1867 Hebraeorum

307 1919 609 1986 tribubus
641 1920 1178 1999 Rehaboamum‚
1235 1906 1691 1989 intolerabiles
1736 1921 2009 2007 spiritus
2069 1922 2197 1984 sibi
2247 1930 2389 1982 su--·

302 2026 622 2119 mentm,
646 2039 928 2123 imperio
960 2040 1320 2117 exuissent,
1340 2045 1539 2123 atque
1556 2037 1596 2101 J
1600 2041 2047 2117 eroboamum,
2076 2038 2382 2124 Ephrai--·⁴

296 2163 570 2238 mitam,
615 2178 839 2239 regem
884 2156 1009 2222 sibi
1035 2170 1406 2221 creassent:
1449 2158 1596 2237 hic,
1640 2169 1718 2221 ut
1737 2170 1969 2250 vetere
2004 2157 2180 2220 malo
2218 2156 2371 2219 fieri
2451 2176 2454 2183 ·

306 2281 507 2357 solet,
581 2280 942 2342 utilitatem
1001 2279 1270 2362 imperii
1323 2297 1514 2340 curae
1560 2277 1903 2356 religionis
1959 2279 2365 2360 praeferens,

307 2395 606 2458 subditos
635 2397 1106 2480 superstitione
1132 2394 1499 2475 imaginum
1523 2414 1639 2455 seu
1668 2393 2119 2473 symbolorum
2151 2392 2364 2454 numi-

308 2515 413 2576 nis
476 2533 893 2596 corrumpere
954 2512 1245 2575 instituit
1302 2531 1547 2596 eosque
1597 2531 1637 2572 a
1708 2508 1896 2573 cultu'
1933 2507 2233 2575 Jehovae
2292 2511 2377 2573 in·

307 2636 567 2719 templo
603 2631 1208 2713 Hierosolymitano
1251 2650 1550 2719 avocare.

470 2751 655 2815 Duos
683 2752 864 2814 enim
892 2750 1141 2836 yitulos
1177 2769 1411 2812 aureos
1456 2751 1776 2815 excitavit
1813 2752 1890 2815 in
1936 2749 2194 2839 oppidis
2221 2750 2370 2815 Be-

304 2873 449 2936 thel
487 2884 554 2933 et
583 2869 734 2933 Dan
763 2869 836 2952 ²),
882 2889 1159 2953 quorum
1186 2867 1355 2930 illud
1389 2890 1625 2933 versus
1657 2871 2029 2949 meridiem,
2047 2873 2173 2935 hoc
2197 2886 2377 2935 ver--⁴

307 3010 417 3053 sus
462 2980 986 3078 septentrionem
1028 2986 1230 3044 situm
1291 2995 1453 3050 erat.
1580 2985 1801 3046 Facile
1860 2988 2020 3048 hinc
2075 2989 2368 3065 colligas,

222 3133 228 3140 ·
307 3105 644 3171 Israelitas
689 3111 757 3163 et
775 3101 846 3160 in
892 3100 1037 3161 aliis
1067 3101 1264 3162 rebus
1305 3121 1342 3160 a
1371 3098 1729 3162 Mosaismo
1782 3103 2068 3164 multum
2107 3100 2368 3163 disces-

309 3227 494 3301 sisse,
547 3241 695 3283 cum
724 3216 1022 3281 eiusdem
1069 3217 1406 3297 religionis
1452 3218 1740 3304 primum
1788 3231 2214 3307 praeceptum
2249 3218 2369 3283 id·-

244 3337 262 3353 ‘
309 3363 434 3431 que
485 3338 890 3423 gravissimis
933 3337 1154 3399 verbis
1205 3309 1627 3417 inculcatum,
1671 3333 1906 3421 parum
1965 3339 2363 3405 curaverint.

307 3462 561 3524 Verum
596 3472 822 3522 tamen
857 3479 993 3524 non
1021 3476 1251 3519 omnes
1297 3456 1676 3535 Israelitae‚
1719 3469 1794 3518 ut
1832 3459 1909 3520 in
1934 3461 2211 3522 materia
2249 3480 2368 3521 re-
2405 3436 2418 3440 Ὦ

311 3578 575 3659 ligionis
602 3579 751 3640 fieri
791 3579 982 3655 solet,
1028 3574 1204 3640 dieto
1238 3577 1410 3656 regis
1445 3575 1790 3647 audientes
1834 3579 2127 3639 fuerunt.
2198 3576 2369 3640 Nam

316 3698 384 3759 in
413 3698 600 3759 libris
626 3694 904 3775 Regum,
946 3697 1337 3782 praesertim
1361 3685 1432 3766 i1i
1458 3695 1738 3757 historia
1764 3692 1953 3757 Eliae
1979 3667 2365 3781 prophetae,

319 3816 502 3898 plu‘ra
533 3814 911 3877 testimonia
939 3826 1208 3878 exstant
1227 3862 1246 3895 ,
1289 3815 1496 3879 fuisse
1526 3813 1606 3908 in(
1631 3811 2005 3879 Israelitide
2023 3863 2041 3896 ,
2087 3813 2370 3900 quiMo-

322 4141 329 4150 '
387 4136 430 4204 ι)
470 4153 500 4188 2
530 4134 763 4192 Samuel.
802 4137 881 4189 11.
917 4132 997 4207 17.

389 4243 446 4311 2)
489 4260 510 4296 ι
540 4242 678 4311 Reg.
715 4242 847 4296 XII.
876 4241 940 4296 26
967 4259 1087 4313 sqq.
