2978 5217
1410 443 1838 514 2-——22

759 613 831 676 la
860 606 1099 671 idonea
1143 623 1333 670 causa
1361 603 1570 686 adest,
1617 627 1783 693 quae
1826 608 2074 693 priscos
2108 606 2481 688 Israelitas,
2525 607 2832 673 Mosais-

758 725 856 792 mi
887 735 1045 788 ante
1085 721 1613 810 deportationem
1656 728 1732 790 in
1762 725 2110 809 Assyriam
2166 741 2233 791 et
2272 728 2344 790 in
2389 729 2838 809 Babyloniam

759 851 1067 921 tenaces,
1120 836 1505 930 impulerit,
1563 847 1690 911 hoc
1748 844 2112 914 decretum,
2142 848 2517 927 excogitare
2561 847 2833 932 sibique

760 961 1102 1046 peculiare
1132 966 1320 1051 quasi
1352 977 1436 1030 -et
1473 967 1815 1053 proprium
1852 968 2104 1044 facere,
2162 966 2260 1028 ita
2293 978 2369 1028 ut
2406 964 2643 1031 sudaei
2683 986 2838 1029 non

763 1080 977 1147 multo
1006 1094 1158 1169 post
1184 1082 1347 1149 Jesu
1379 1087 1739 1149 servatoris
1782 1096 2068 1147 mortem
2117 1054 2287 1145 illud
2327 1105 2414 1146 ex
2452 1061 2841 1147 Christolo-

765 1198 871 1279 gia
916 1197 1480 1266 Samaritanorum
1518 1206 1592 1266 in
1633 1223 1820 1264 suam
1860 1203 2340 1265 transtulerint.
2431 1199 2595 1265 Cum
2643 1204 2844 1267 enim.

765 1316 952 1395 origo
996 1314 1324 1399 dogmatis
1344 1319 1662 1390 Messiani
1692 1323 1837 1385 sine
1869 1321 2068 1385 dubio
2098 1342 2131 1383 a
2167 1321 2510 1407 prophetis
2528 1321 2566 1385 J
2573 1320 2836 1389 udaeo-

708 1504 717 1513 ‚
763 1452 912 1496 rum
944 1436 1309 1519 repetenda
1341 1441 1447 1518 sit}
1493 1442 1705 1523 multo
1751 1441 2155 1525 probabilius
2192 1440 2478 1517 videtur,¹
2525 1435 2838 1501 Samari-

763 1561 867 1614 tas
903 1557 1351 1635 recentiores,
1419 1558 1492 1619 id
1529 1571 1667 1638 est,
1730 1559 2016 1621 Judaeos
2069 1558 2484 1622 Sanballathi
2522 1570 2868 1640 tempore
2957 1536 2960 1585 ‘³

763 1666 1231 1755 Hierosolyma
1267 1681 1607 1762 profugos,
1652 1683 1780 1744 hoc
1813 1680 2131 1764 placitum
2164 1675 2245 1740 de
2274 1676 2556 1763 Messiae
2586 1690 2832 1754 morte,

767 1807 915 1849 cum
942 1791 1176 1853 ceteris
1208 1790 1459 1858 decreti
1502 1796 1822 1861 Messiani
1853 1799 2191 1884 capitibus
2218 1795 2592 1860 retinuisse.

931 1905 1017 1971 In
1053 1912 1451 1996 exponendo
1482 1937 1640 1978 vero
1680 1917 2102 2003 genuinoque
2134 1913 2609 1976 Samaritarum
2654 1913 2829 1995 dog-

760 2023 1318 2092 mnte‘Messiano
1360 2054 1497 2095 non
1535 2045 1671 2097 tam
1717 2032 2169 2116 indagandum
2214 2030 2829 2118 dispiciendumque

761 2136 1033 2206 videtur
1054 2193 1072 2223 ,
1114 2147 1274 2229 quid
1302 2151 1503 2235 prisci
1530 2152 1909 2232 Israelitae,
1957 2163 2332 2238 antequam!
2355 2162 2623 2214 exterae
2654 2172 2829 2231 gen-

724 2320 728 2325 ,
762 2266 889 2338 tes,
936 2280 1024 2324 ex
1047 2263 1326 2349 Assyria
1357 2271 1621 2352 missae,
1661 2268 1736 2334 in
1764 2271 2059 2337 Samaria
2090 2270 2319 2334 sedem
2338 2268 2696 2352 cepissent,
2740 2268 2826 2332 de

764 2394 845 2467 eo
875 2386 1211 2450 censuisse
1253 2391 1622 2455 verisimile
1651 2394 1773 2472 sit,
1820 2414 2015 2478 quam
2047 2388 2692 2457 commonstrandum
2733 2387 2824 2469 id,

761 2496 942 2578 quod
989 2501 1356 2571 Samaritae
1399 2525 1554 2596 post
1608 2527 2022 2593 exstructum
2077 2535 2114 2574 a
2172 2509 2599 2575 Sanballatho
2644 2520 2831 2570 tem-

650 2632 655 2636 ⁴
757 2615 948 2695 plum
995 2617 1546 2691 Garizimitanum
1582 2629 2051 2716 conditumque
2080 2626 2697 2692 Samaritanismum
2748 2627 2828 2691 de

761 2726 1008 2797 Messia
1035 2734 1428 2805 docuerint?
1484 2753 1489 2759 ’
1527 2744 1980 2809 Nihilominus
2006 2744 2090 2809 ad
2118 2744 2485 2808 vetustiora
2527 2753 2833 2828 tempora

761 2861 918 2914 ante
959 2851 1492 2943 deportationem
1529 2864 1953 2948 Assyriacam
2000 2879 2068 2931 et
2096 2863 2570 2947 Babylonicam
2624 2861 2835 2927 rede-

763 2968 1020 3039 undum
1065 2980 1227 3059 erit,
1272 2994 1348 3044 ut
1387 2998 1724 3072 appareat.
1774 2968 1919 3072 qua
1947 2988 2203 3051 ratione
2257 2983 2597 3046 decretum
2641 2980 2836 3045 Mes-

762 3092 1025 3159 sianum
1055 3095 1467 3166 Judaeorum‘
1506 3108 1739 3190 priscis
1780 3104 2105 3173 Israelitis
2141 3103 2533 3168 innotuerit.
2691 3088 2697 3095 ’

929 3208 1080 3273 Jam
1109 3216 1269 3276 satis
1308 3231 1595 3297 constat,
1637 3220 2119 3303 Ephraimitas,
2177 3231 2479 3303 posteros
2523 3215 2838 3302 Josephi‚'

761 3325 1048 3388 maiores
1081 3321 1545 3411 indigenarum
1574 3335 2082 3416 Samaritarum,
2124 3323 2478 3417 antequam
2500 3331 2837 3401 Jeroboa-

761 3459 908 3506 mus
939 3467 1194 3511 summa
1227 3470 1450 3516 rerum
1496 3455 1854 3543 potiretur,
1903 3476 2052 3518 cum
2086 3452 2322 3516 ceteris
2350 3449 2669 3516 Hebraeis
2700 3454 2832 3518 Je-

761 3566 1007 3664 bovam
1034 3570 1321 3653 primum
1350 3574 1526 3658 apud
1566 3542 2062 3641 tabernaculum
2117 3583 2413 3634 sanctum
2454 3570 2825 3653 Schilunte,

761 3686 836 3746 in
865 3688 1163 3774 ipsorum
1189 3703 1425 3773 tractu,
1470 3708 1701 3780 postea
1737 3696 1812 3757 in
1841 3693 2128 3782 templo,
2172 3712 2212 3753 a
2246 3689 2598 3755 Salomone
2630 3691 2827 3754 exci-
2877 3761 2880 3766 ,

766 3875 1174 3902 Μ

898 4022 1394 4087 Huurmcroutm
1428 4036 1491 4088 A.
1525 4038 1670 4107 1672.
1720 4009 1784 4089 in*
1824 4038 2082 4109 Angliam
2123 4038 2448 4100 miserunt,
2477 4034 2824 4086 Enuannus-

899 4143 1008 4197 (ΝΘ
1066 4132 1450 4207 Bur-rannus,
1515 4141 1802 4193 Professor
1844 4143 2205 4210 oxoniensis,
2270 4136 2608 4193 breviarium
2648 4153 2712 4187 ex
2755 4154 2822 4189 eo

901 4231 1177 4305 ‘onfedtae
1224 4238 1287 4291 in
1325 4243 1483 4294 Actis
1517 4227 1854 4310 studitarum
1900 4250 1963 4300 A.
2005 4248 2153 4317 1691..
2188 4260 2245 4313 p.
2282 4240 2823 4312 167.1sqq.‘editum.
