2978 5217
1145 474 1567 544 ·—‘-—-—-·62

502 665 706 732 usque
752 641 916 707 adeo
947 637 1254 702 audaciae
1281 650 1781 723 processerunt,
1836 652 1913 703 ut
1957 636 2306 723 pristinam
2342 641 2543 707 huius

499 765 725 850 placiti
761 758 1052 839 indolem
1091 760 1288 843 plane
1332 761 1764 845 corruperint.

653 879 757 943 De
808 879 1064 956 origine
1126 891 1196 940 et
1238 880 1545 962 prosapia
1588 878 1876 942 Messiae
1919 878 2078 964 quid
2119 893 2383 947 veteres
2426 885 2551 950 Sa-

484 998 797 1064 maritani
853 993 1201 1060 docuerint
1255 998 1787 1083 recentioresque
1858 997 2173 1082 doceant,
2252 1002 2549 1068 nondum

484 1119 645 1183 satis
694 1128 968 1179 constat.
1056 1114 1137 1178 In
1168 1115 1506 1198 epistolis,
1551 1115 1634 1177 ad
1668 1114 2088 1201 EuropanS‚
2136 1140 2172 1181 a
2220 1116 2547 1202 ducentiS,

485 1249 555 1299 et
591 1234 765 1321 quod
805 1234 1121 1325 excurrit,
1168 1234 1360 1293 annis
1403 1235 1482 1292 ab
1527 1235 1625 1294 eis
1669 1235 2086 1316 conscriptis»,
2149 1233 2231 1295 de
2262 1251 2546 1303 venturo

477 1374 720 1432 magno
762 1350 1106 1434 propheta,
1153 1371 1190 1410 a
1218 1330 1369 1413 Deo
1410 1370 1530 1434 per
1575 1348 1810 1429 Mosen
1849 1351 2207 1437 promiSSO,
2273 1354 2547 1437 quidem

478 1473 871 1554 loquuntur:
929 1466 1049 1528 sed
1091 1465 1174 1528 de
1221 1467 1651 1544 eius‘genere
1694 1471 1966 1533 omnino
2010 1460 2106 1531 nil
2148 1446 2543 1541 memorant.

479 1589 614 1654 Nec
651 1566 994 1662 miramur,
1038 1605 1151 1646 eos
1192 1586 1365 1649 hanc
1407 1603 1551 1644 rem
1579 1585 1846 1649 silentio
1876 1590 2321 1672 praeteriisse,
2369 1612 2548 1674 quo-

484 1708 665 1775 niam
705 1707 780 1768 in
814 1703 1265 1767 Pentateucho
1310 1722 1518 1781 genus
1567 1715 1880 1788 ortusque
1915 1703 2200 1768 Messiae
2227 1727 2374 1769 mon
2417 1706 2548 1772 de·-

480 1828 765 1912 scriptus
794 1836 911 1886 est.
982 1820 1169 1885 Nulli
1203 1834 1426 1884 autem
1455 1819 1864 1900 dubitamus,
1911 1824 2070 1907 quin
2097 1822 2547 1911 Mopharred-

482 1947 707 2007 schius
750 1945 956 2006 istum
984 1943 1302 2003 librorum
1345 1939 1782 2003 Mosaicorum
1815 1926 2071 2017 locum,
2123 1965 2159 2005 a
2188 1945 2545 2028 populari-
2583 1932 2586 1935 Α

421 2044 430 2050 ΑΔ
474 2066 598 2126 bus
641 2060 778 2123 suis
814 2057 894 2119 de
938 2077 1178 2137 genere
1208 2055 1492 2119 Messiae
1535 2069 1943 2139 enarratum,
1988 2060 2229 2142 Anglis
2270 2063 2343 2125 in
2389 2065 2545 2147 epi—

477 2179 646 2242 stola
679 2197 797 2241 sua
822 2174 1195 2241 indicasset.
1270 2175 1451 2240 'Nam
1493 2197 1683 2251 causa
1716 2179 1915 2262 plane
1956 2176 2204 2259 defuit,
2252 2203 2367 2242 cur
2394 2178 2541 2244 Sa·-

472 2288 870 2375 maritanoS,
928 2316 1090 2380 quos
1129 2299 1201 2360 in
1237 2294 1485 2385 Anglia
1523 2295 1763 2377 degere
1802 2299 2042 2387 falsam
2081 2300 2210 2383 sibi
2253 2320 2541 2384 persua-

473 2417 734 2481 sionem
778 2414 1107 2495 induerat,
1153 2418 1324 2479 hanc
1355 2438 1499 2481 rem
1531 2418 1971 2497 celaret‚‘aut
2000 2389 2269 2512 omnino
2306 2408 2417 2481 eos
2460 2404 2536 2480 in

474 2533 906 2599 describendo
963 2533 1268 2616 dogmate
1316 2534 1829 2598 Sichemitarum
1871 2524 2204 2610 Messiano
2251 2539 2540 2604 falleret.

471 2653 696 2733 Quare
739 2653 1106 2713 verisimile
1147 2653 1446 2726 videtur,
1493 2652 1941 2718 Samaritanos
1983 2657 2111 2711 hoc
2156 2639 2535 2714 Christolo÷

467 2771 611 2851 giae
661 2776 853 2851 caput
887 2765 1208 2828 intactum
1247 2759 1594 2849 reliquisse
1634 2760 1971 2846 hodieque
2016 2766 2284 2829 silentio
2326 2788 2531 2852 prae-

466 2888 689 2966 terire,
733 2888 960 2946 forsan
996 2882 1172 2968 quod
1200 2885 1387 2945 nefas
1420 2880 1758 2957 ducerent,
1805 2901 2012 2961 genus
2045 2868 2330 2946 Messiae
2381 2887 2533 2951 cuni

465 3006 736 3072 Judaeis
775 3002 1421 3083 Hierosolymitanis'
1449 3022 1488 3061 a
1531 2989 1790 3062 Davide
1848 3011 2169 3083 repetere.
2270 3000 2531 3066 Verum

406 3151 415 3157 ·
464 3135 695 3193 tamen'
734 3123 966 3207 priscis
1009 3119 1352 3184 Samaritis
1393 3120 1804 3203 temporibus
1869 3115 2114 3183 Christi
2141 3105 2531 3210 persuasum

464 3250 702 3321 fuisse,
766 3251 1126 3301 venturum
1175 3238 1487 3324 Messiam
1539 3255 1779 3315 genere
1821 3233 2153 3301 Judaeum
2199 3241 2375 3318 fore,
2439 3261 2525 3303 ex

462 3361 845 3443 evangelica
893 3357 1177 3418 historia
1212 3355 1405 3418 facile
1458 3354 1723 3434 colligas
1754 3352 1825 3437 ¹).

628 3465 915 3545 Rabb'ini
929 3475 1245 3548 Messiam
1262 3471 1766 3537 ‘Samaritanum
1789 3470 1829 3533 J
1832 3476 2066 3558 osephi
2096 3476 2308 3541 filium
2338 3492 2527 3560 nun-f

464 3615 738 3690 cupant:
791 3595 908 3661 sed
953 3618 1089 3658 non
1133 3597 1347 3658 solum
1390 3595 1573 3662 nulla
1605 3614 1641 3654 e
1685 3592 1871 3653 libris
1906 3590 2229 3680 dictisque
2279 3595 2523 3661 Sama...

458 3726 823 3787 ritanorum
876 3714 1119 3779 idonea
1159 3714 1543 3777 testimonia
1599 3707 1682 3772 ad
1741 3710 2145 3793 probandam
2191 3714 2525 3777 evincen«

462 3842 742 3924 clamque
769 3838 941 3898 hanc
977 3836 1410 3903 assertionem
1441 3830 1794 3925 adducunt,
1841 3828 1957 3891 sed
1988 3832 2186 3894 etiam
2223 3835 2384 3896 alias
2429 3837 2516 3898 ob

346 4009 361 4013 ,
455 3977 684 4028 causas
712 3956 878 4015 haec
910 3954 1242 4016 sententia
1281 3952 1570 4031 genuino
1603 3946 2017 4014 Samaritano
2070 3949 2357 4035 dogmati
2391 3972 2513 4013 re-

527 4269 583 4335 ι)
618 4264 776 4318 Joan.
811 4263 905 4315 IV.
942 4279 1030 4331 42.
1071 4263 1236 4318 Conf.
1272 4245 1337 4313 et*
1361 4259 1669 4315 versiculos
1705 4278 1789 4331 29.
1827 4278 1913 4333 59.
1951 4280 2038 4331 4¹·
2071 4317 2076 4322 ,
