<?xml version="1.0" encoding="UTF-8"?>
<!DOCTYPE html PUBLIC "-//W3C//DTD XHTML 1.0 Transitional//EN"
    "http://www.w3.org/TR/xhtml1/DTD/xhtml1-transitional.dtd">
<html xmlns="http://www.w3.org/1999/xhtml" xml:lang="en" lang="en">
 <head>
  <title>
</title>
<meta http-equiv="Content-Type" content="text/html;charset=utf-8" />
  <meta name='ocr-system' content='tesseract 3.04.00' />
  <meta name='ocr-capabilities' content='ocr_page ocr_carea ocr_par ocr_line ocrx_word'/>
</head>
<body>
  <div class='ocr_page' id='page_1' title='image "./discussionumdec00friegoog_0092.png"; bbox 0 0 2978 5217; ppageno 0'>
   <div class='ocr_carea' id='block_1_1' title="bbox 1601 515 1704 588">
    <p class='ocr_par' dir='ltr' id='par_1_1' title="bbox 1601 515 1704 588">
     <span class='ocr_line' id='line_1_1' title="bbox 1601 515 1704 588; baseline 0.029 -3"><span class='ocrx_word' id='word_1_1' title='bbox 1601 515 1704 588; x_wconf 78' lang='lat'><strong>86</strong></span> 
     </span>
    </p>
   </div>
   <div class='ocr_carea' id='block_1_2' title="bbox 534 667 2676 771">
    <p class='ocr_par' dir='ltr' id='par_1_2' title="bbox 534 667 2676 771">
     <span class='ocr_line' id='line_1_2' title="bbox 534 667 2676 771; baseline 0.002 -22"><span class='ocrx_word' id='word_1_2' title='bbox 534 667 549 677; x_wconf 43' lang='lat'><strong>⁴</strong></span> <span class='ocrx_word' id='word_1_3' title='bbox 619 686 875 771; x_wconf 79' lang='lat' dir='ltr'><strong>tiasque</strong></span> <span class='ocrx_word' id='word_1_4' title='bbox 920 682 1092 748; x_wconf 81' lang='lat' dir='ltr'><strong>dono</strong></span> <span class='ocrx_word' id='word_1_5' title='bbox 1139 680 1317 744; x_wconf 82' lang='lat' dir='ltr'><strong>mitti</strong></span> <span class='ocrx_word' id='word_1_6' title='bbox 1355 684 1662 760; x_wconf 77' lang='lat' dir='ltr'><strong>jusserat.</strong></span> <span class='ocrx_word' id='word_1_7' title='bbox 1776 679 1861 745; x_wconf 90' lang='lat' dir='ltr'><strong>In</strong></span> <span class='ocrx_word' id='word_1_8' title='bbox 1901 695 2140 747; x_wconf 79' lang='lat' dir='ltr'><strong>ventre</strong></span> <span class='ocrx_word' id='word_1_9' title='bbox 2196 684 2370 765; x_wconf 81' lang='lat' dir='ltr'><strong>signi</strong></span> <span class='ocrx_word' id='word_1_10' title='bbox 2409 684 2676 753; x_wconf 70' lang='lat' dir='ltr'><strong>PAutus</strong></span> 
     </span>
    </p>
   </div>
   <div class='ocr_carea' id='block_1_3' title="bbox 1276 548 1499 566">
    <p class='ocr_par' dir='ltr' id='par_1_3' title="bbox 1276 548 1499 566">
     <span class='ocr_line' id='line_1_3' title="bbox 1276 548 1499 566; baseline 0 4651"><span class='ocrx_word' id='word_1_11' title='bbox 1276 548 1499 566; x_wconf 95' lang='lat' dir='ltr'><strong> </strong></span> 
     </span>
    </p>
   </div>
   <div class='ocr_carea' id='block_1_4' title="bbox 1801 550 2027 571">
    <p class='ocr_par' dir='ltr' id='par_1_4' title="bbox 1801 550 2027 571">
     <span class='ocr_line' id='line_1_4' title="bbox 1801 550 2027 571; baseline 0 4646"><span class='ocrx_word' id='word_1_12' title='bbox 1801 550 2027 571; x_wconf 95' lang='lat' dir='ltr'><strong> </strong></span> 
     </span>
    </p>
   </div>
   <div class='ocr_carea' id='block_1_5' title="bbox 580 800 2688 2546">
    <p class='ocr_par' dir='ltr' id='par_1_5' title="bbox 580 800 2688 1955">
     <span class='ocr_line' id='line_1_5' title="bbox 616 800 2681 888; baseline -0.001 -18"><span class='ocrx_word' id='word_1_13' title='bbox 616 804 842 870; x_wconf 53' lang='lat' dir='ltr'><strong>Lucas</strong></span> <span class='ocrx_word' id='word_1_14' title='bbox 889 800 1282 886; x_wconf 83' lang='lat' dir='ltr'><strong>quadratum</strong></span> <span class='ocrx_word' id='word_1_15' title='bbox 1322 803 1627 864; x_wconf 85' lang='lat' dir='ltr'><strong>foramen</strong></span> <span class='ocrx_word' id='word_1_16' title='bbox 1670 801 1969 882; x_wconf 84' lang='lat' dir='ltr'><strong>invenit,</strong></span> <span class='ocrx_word' id='word_1_17' title='bbox 2027 803 2189 867; x_wconf 80' lang='lat' dir='ltr'><strong>satis</strong></span> <span class='ocrx_word' id='word_1_18' title='bbox 2227 805 2554 888; x_wconf 87' lang='lat' dir='ltr'><strong>amplum,</strong></span> <span class='ocrx_word' id='word_1_19' title='bbox 2605 817 2681 867; x_wconf 87' lang='lat' dir='ltr'><strong>ut</strong></span> 
     </span>
     <span class='ocr_line' id='line_1_6' title="bbox 611 920 2687 1007; baseline 0 -21"><span class='ocrx_word' id='word_1_20' title='bbox 611 926 693 988; x_wconf 88' lang='lat' dir='ltr'><strong>ab</strong></span> <span class='ocrx_word' id='word_1_21' title='bbox 723 942 858 984; x_wconf 87' lang='lat' dir='ltr'><strong>uno</strong></span> <span class='ocrx_word' id='word_1_22' title='bbox 904 920 1182 982; x_wconf 88' lang='lat' dir='ltr'><strong>homine</strong></span> <span class='ocrx_word' id='word_1_23' title='bbox 1226 920 1435 982; x_wconf 82' lang='lat' dir='ltr'><strong>subiri</strong></span> <span class='ocrx_word' id='word_1_24' title='bbox 1477 921 1794 1007; x_wconf 81' lang='lat' dir='ltr'><strong>potuerit.</strong></span> <span class='ocrx_word' id='word_1_25' title='bbox 1898 920 2120 1001; x_wconf 83' lang='lat' dir='ltr'><strong>Quem</strong></span> <span class='ocrx_word' id='word_1_26' title='bbox 2152 942 2386 985; x_wconf 85' lang='lat' dir='ltr'><strong>canem</strong></span> <span class='ocrx_word' id='word_1_27' title='bbox 2436 921 2687 986; x_wconf 86' lang='lat' dir='ltr'><strong>hodie-</strong></span> 
     </span>
     <span class='ocr_line' id='line_1_7' title="bbox 611 1042 2681 1130; baseline 0 -25"><span class='ocrx_word' id='word_1_28' title='bbox 611 1063 740 1130; x_wconf 87' lang='lat' dir='ltr'><strong>que</strong></span> <span class='ocrx_word' id='word_1_29' title='bbox 769 1044 946 1104; x_wconf 87' lang='lat' dir='ltr'><strong>fama</strong></span> <span class='ocrx_word' id='word_1_30' title='bbox 975 1052 1098 1118; x_wconf 84' lang='lat' dir='ltr'><strong>est,</strong></span> <span class='ocrx_word' id='word_1_31' title='bbox 1146 1051 1505 1126; x_wconf 85' lang='lat' dir='ltr'><strong>antequam</strong></span> <span class='ocrx_word' id='word_1_32' title='bbox 1535 1043 1615 1102; x_wconf 87' lang='lat' dir='ltr'><strong>ab</strong></span> <span class='ocrx_word' id='word_1_33' title='bbox 1664 1042 1929 1104; x_wconf 82' lang='lat' dir='ltr'><strong>excelsa</strong></span> <span class='ocrx_word' id='word_1_34' title='bbox 1958 1062 2142 1128; x_wconf 85' lang='lat' dir='ltr'><strong>rupe,</strong></span> <span class='ocrx_word' id='word_1_35' title='bbox 2189 1047 2297 1104; x_wconf 90' lang='lat' dir='ltr'><strong>cui</strong></span> <span class='ocrx_word' id='word_1_36' title='bbox 2327 1043 2681 1127; x_wconf 80' lang='lat' dir='ltr'><strong>impositus</strong></span> 
     </span>
     <span class='ocr_line' id='line_1_8' title="bbox 596 1158 2688 1242; baseline -0.001 -16"><span class='ocrx_word' id='word_1_37' title='bbox 596 1164 783 1242; x_wconf 79' lang='lat' dir='ltr'><strong>erat,</strong></span> <span class='ocrx_word' id='word_1_38' title='bbox 877 1158 1171 1223; x_wconf 80' lang='lat' dir='ltr'><strong>deiectus</strong></span> <span class='ocrx_word' id='word_1_39' title='bbox 1229 1172 1443 1237; x_wconf 84' lang='lat' dir='ltr'><strong>esset,</strong></span> <span class='ocrx_word' id='word_1_40' title='bbox 1532 1160 1811 1221; x_wconf 87' lang='lat' dir='ltr'><strong>immani</strong></span> <span class='ocrx_word' id='word_1_41' title='bbox 1871 1161 2113 1222; x_wconf 85' lang='lat' dir='ltr'><strong>latratu</strong></span> <span class='ocrx_word' id='word_1_42' title='bbox 2197 1162 2453 1241; x_wconf 60' lang='lat' dir='ltr'><strong>accolis,¹</strong></span> <span class='ocrx_word' id='word_1_43' title='bbox 2497 1183 2688 1223; x_wconf 79' lang='lat' dir='ltr'><strong>nun·-</strong></span> 
     </span>
     <span class='ocr_line' id='line_1_9' title="bbox 610 1274 2681 1362; baseline -0.003 -16"><span class='ocrx_word' id='word_1_44' title='bbox 610 1285 838 1358; x_wconf 80' lang='lat' dir='ltr'><strong>ciasse,</strong></span> <span class='ocrx_word' id='word_1_45' title='bbox 885 1275 1126 1362; x_wconf 81' lang='lat' dir='ltr'><strong>siquid</strong></span> <span class='ocrx_word' id='word_1_46' title='bbox 1169 1275 1450 1359; x_wconf 86' lang='lat' dir='ltr'><strong>periculi</strong></span> <span class='ocrx_word' id='word_1_47' title='bbox 1472 1276 1875 1337; x_wconf 85' lang='lat' dir='ltr'><strong>immineret.</strong></span> <span class='ocrx_word' id='word_1_48' title='bbox 1961 1274 2146 1336; x_wconf 83' lang='lat' dir='ltr'>Fieri</span> <span class='ocrx_word' id='word_1_49' title='bbox 2185 1276 2391 1355; x_wconf 85' lang='lat' dir='ltr'><strong>igitur</strong></span> <span class='ocrx_word' id='word_1_50' title='bbox 2436 1279 2681 1361; x_wconf 88' lang='lat' dir='ltr'><strong>potuit,</strong></span> 
     </span>
     <span class='ocr_line' id='line_1_10' title="bbox 610 1389 2683 1470; baseline -0.002 -8"><span class='ocrx_word' id='word_1_51' title='bbox 610 1414 685 1462; x_wconf 89' lang='lat' dir='ltr'><strong>ut</strong></span> <span class='ocrx_word' id='word_1_52' title='bbox 712 1394 994 1459; x_wconf 85' lang='lat' dir='ltr'><strong>Cuthaei</strong></span> <span class='ocrx_word' id='word_1_53' title='bbox 1044 1391 1309 1470; x_wconf 84' lang='lat' dir='ltr'><strong>signum</strong></span> <span class='ocrx_word' id='word_1_54' title='bbox 1354 1393 1697 1452; x_wconf 88' lang='lat' dir='ltr'><strong>columbae</strong></span> <span class='ocrx_word' id='word_1_55' title='bbox 1738 1391 1816 1452; x_wconf 92' lang='lat' dir='ltr'><strong>in</strong></span> <span class='ocrx_word' id='word_1_56' title='bbox 1858 1403 2087 1454; x_wconf 86' lang='lat' dir='ltr'><strong>monte</strong></span> <span class='ocrx_word' id='word_1_57' title='bbox 2134 1389 2429 1456; x_wconf 87' lang='lat' dir='ltr'><strong>Garizim</strong></span> <span class='ocrx_word' id='word_1_58' title='bbox 2478 1395 2683 1457; x_wconf 77' lang='lat' dir='ltr'><strong>simi-</strong></span> 
     </span>
     <span class='ocr_line' id='line_1_11' title="bbox 605 1507 2675 1593; baseline -0.003 -13"><span class='ocrx_word' id='word_1_59' title='bbox 605 1520 744 1580; x_wconf 88' lang='lat' dir='ltr'><strong>lem</strong></span> <span class='ocrx_word' id='word_1_60' title='bbox 819 1515 902 1577; x_wconf 88' lang='lat' dir='ltr'><strong>ob</strong></span> <span class='ocrx_word' id='word_1_61' title='bbox 966 1507 1757 1585; x_wconf 78' lang='lat' dir='ltr'><strong>causam-excitaverint,</strong></span> <span class='ocrx_word' id='word_1_62' title='bbox 1840 1509 2212 1593; x_wconf 80' lang='lat' dir='ltr'><strong>horumque</strong></span> <span class='ocrx_word' id='word_1_63' title='bbox 2280 1509 2675 1589; x_wconf 77' lang='lat' dir='ltr'>sacerdotes,</span> 
     </span>
     <span class='ocr_line' id='line_1_12' title="bbox 610 1610 2686 1711; baseline -0.005 -12"><span class='ocrx_word' id='word_1_64' title='bbox 610 1626 972 1699; x_wconf 85' lang='lat' dir='ltr'><strong>commenti</strong></span> <span class='ocrx_word' id='word_1_65' title='bbox 1007 1649 1243 1710; x_wconf 84' lang='lat' dir='ltr'><strong>gnaros</strong></span> <span class='ocrx_word' id='word_1_66' title='bbox 1266 1677 1282 1707; x_wconf 90' lang='lat'>,</span> <span class='ocrx_word' id='word_1_67' title='bbox 1305 1628 1580 1708; x_wconf 87' lang='lat' dir='ltr'><strong>-gemitu</strong></span> <span class='ocrx_word' id='word_1_68' title='bbox 1611 1638 1726 1690; x_wconf 85' lang='lat' dir='ltr'><strong>aut</strong></span> <span class='ocrx_word' id='word_1_69' title='bbox 1747 1627 2012 1711; x_wconf 82' lang='lat' dir='ltr'><strong>loquela</strong></span> <span class='ocrx_word' id='word_1_70' title='bbox 2042 1637 2299 1689; x_wconf 82' lang='lat' dir='ltr'><strong>statuae</strong></span> <span class='ocrx_word' id='word_1_71' title='bbox 2313 1610 2398 1688; x_wconf 77' lang='lat' dir='ltr'><strong>“id</strong></span> <span class='ocrx_word' id='word_1_72' title='bbox 2429 1628 2686 1690; x_wconf 84' lang='lat' dir='ltr'><strong>effece-</strong></span> 
     </span>
     <span class='ocr_line' id='line_1_13' title="bbox 606 1746 2680 1836; baseline -0.005 -19"><span class='ocrx_word' id='word_1_73' title='bbox 606 1753 765 1832; x_wconf 84' lang='lat' dir='ltr'><strong>rint,</strong></span> <span class='ocrx_word' id='word_1_74' title='bbox 812 1747 989 1836; x_wconf 85' lang='lat' dir='ltr'><strong>quod</strong></span> <span class='ocrx_word' id='word_1_75' title='bbox 1019 1746 1396 1812; x_wconf 83' lang='lat' dir='ltr'><strong>sacerdotes</strong></span> <span class='ocrx_word' id='word_1_76' title='bbox 1433 1747 1781 1826; x_wconf 87' lang='lat' dir='ltr'><strong>Nibchasi,</strong></span> <span class='ocrx_word' id='word_1_77' title='bbox 1838 1747 1953 1809; x_wconf 79' lang='lat' dir='ltr'><strong>vel</strong></span> <span class='ocrx_word' id='word_1_78' title='bbox 1991 1747 2364 1833; x_wconf 81' lang='lat' dir='ltr'><strong>quicunque</strong></span> <span class='ocrx_word' id='word_1_79' title='bbox 2404 1746 2680 1820; x_wconf 85' lang='lat' dir='ltr'><strong>fuerint,</strong></span> 
     </span>
     <span class='ocr_line' id='line_1_14' title="bbox 580 1866 1765 1955; baseline -0.008 -19"><span class='ocrx_word' id='word_1_80' title='bbox 580 1873 798 1955; x_wconf 81' lang='lat' dir='ltr'><strong>signo</strong></span> <span class='ocrx_word' id='word_1_81' title='bbox 832 1867 1137 1933; x_wconf 85' lang='lat' dir='ltr'><strong>latrantis</strong></span> <span class='ocrx_word' id='word_1_82' title='bbox 1171 1868 1350 1930; x_wconf 79' lang='lat' dir='ltr'><strong>canis</strong></span> <span class='ocrx_word' id='word_1_83' title='bbox 1377 1866 1765 1945; x_wconf 72' lang='lat' dir='ltr'><strong>effecerunt.</strong></span> 
     </span>
    </p>

    <p class='ocr_par' dir='ltr' id='par_1_6' title="bbox 601 1982 2683 2546">
     <span class='ocr_line' id='line_1_15' title="bbox 779 1982 2683 2070; baseline -0.002 -19"><span class='ocrx_word' id='word_1_84' title='bbox 779 1984 1397 2070; x_wconf 86' lang='lat' dir='ltr'><strong>Quomodocunque</strong></span> <span class='ocrx_word' id='word_1_85' title='bbox 1431 1995 1568 2062; x_wconf 85' lang='lat' dir='ltr'><strong>est,</strong></span> <span class='ocrx_word' id='word_1_86' title='bbox 1625 1985 1684 2046; x_wconf 85' lang='lat' dir='ltr'><strong>si</strong></span> <span class='ocrx_word' id='word_1_87' title='bbox 1716 1982 1878 2068; x_wconf 85' lang='lat' dir='ltr'><strong>quid</strong></span> <span class='ocrx_word' id='word_1_88' title='bbox 1918 1983 2078 2048; x_wconf 86' lang='lat' dir='ltr'><strong>fidei</strong></span> <span class='ocrx_word' id='word_1_89' title='bbox 2118 1987 2374 2050; x_wconf 79' lang='lat' dir='ltr'><strong>auctori</strong></span> <span class='ocrx_word' id='word_1_90' title='bbox 2412 2007 2683 2068; x_wconf 82' lang='lat' dir='ltr'><strong>anony-</strong></span> 
     </span>
     <span class='ocr_line' id='line_1_16' title="bbox 601 2100 2682 2183; baseline -0.003 -10"><span class='ocrx_word' id='word_1_91' title='bbox 601 2131 712 2173; x_wconf 90' lang='lat' dir='ltr'><strong>mo</strong></span> <span class='ocrx_word' id='word_1_92' title='bbox 759 2103 1174 2169; x_wconf 83' lang='lat' dir='ltr'><strong>Samaritano</strong></span> <span class='ocrx_word' id='word_1_93' title='bbox 1216 2101 1646 2164; x_wconf 84' lang='lat' dir='ltr'><strong>tribuendum</strong></span> <span class='ocrx_word' id='word_1_94' title='bbox 1674 2100 2046 2181; x_wconf 78' lang='lat' dir='ltr'><strong>videbitur,</strong></span> <span class='ocrx_word' id='word_1_95' title='bbox 2089 2124 2361 2168; x_wconf 81' lang='lat' dir='ltr'><strong>necesse</strong></span> <span class='ocrx_word' id='word_1_96' title='bbox 2408 2105 2557 2183; x_wconf 85' lang='lat' dir='ltr'><strong>erit,</strong></span> <span class='ocrx_word' id='word_1_97' title='bbox 2593 2116 2682 2168; x_wconf 81' lang='lat' dir='ltr'><strong>ut</strong></span> 
     </span>
     <span class='ocr_line' id='line_1_17' title="bbox 608 2217 2675 2312; baseline -0.004 -19"><span class='ocrx_word' id='word_1_98' title='bbox 608 2242 680 2293; x_wconf 87' lang='lat' dir='ltr'><strong>et</strong></span> <span class='ocrx_word' id='word_1_99' title='bbox 716 2227 1054 2312; x_wconf 84' lang='lat' dir='ltr'><strong>sapientes</strong></span> <span class='ocrx_word' id='word_1_100' title='bbox 1106 2218 1284 2305; x_wconf 81' lang='lat' dir='ltr'><strong>apud</strong></span> <span class='ocrx_word' id='word_1_101' title='bbox 1333 2217 1817 2283; x_wconf 81' lang='lat' dir='ltr'><strong>Meimoniclem</strong></span> <span class='ocrx_word' id='word_1_102' title='bbox 1878 2218 2294 2301; x_wconf 83' lang='lat' dir='ltr'><strong>audiantur,·</strong></span> <span class='ocrx_word' id='word_1_103' title='bbox 2352 2221 2675 2301; x_wconf 67' lang='lat' dir='ltr'><strong>dicentes»,</strong></span> 
     </span>
     <span class='ocr_line' id='line_1_18' title="bbox 608 2312 2678 2435; baseline -0.005 -24"><span class='ocrx_word' id='word_1_104' title='bbox 608 2345 1083 2435; x_wconf 82' lang='lat' dir='ltr'><strong>quod-signum</strong></span> <span class='ocrx_word' id='word_1_105' title='bbox 1136 2341 1478 2404; x_wconf 89' lang='lat' dir='ltr'><strong>columbae</strong></span> <span class='ocrx_word' id='word_1_106' title='bbox 1531 2339 1607 2400; x_wconf 90' lang='lat' dir='ltr'><strong>in</strong></span> <span class='ocrx_word' id='word_1_107' title='bbox 1648 2350 1878 2404; x_wconf 86' lang='lat' dir='ltr'><strong>monte</strong></span> <span class='ocrx_word' id='word_1_108' title='bbox 1926 2312 2225 2407; x_wconf 86' lang='lat' dir='ltr'><strong>Garizim</strong></span> <span class='ocrx_word' id='word_1_109' title='bbox 2267 2340 2678 2403; x_wconf 63' lang='lat' dir='ltr'><strong>invenerint.</strong></span> 
     </span>
     <span class='ocr_line' id='line_1_19' title="bbox 602 2457 2680 2546; baseline -0.003 -18"><span class='ocrx_word' id='word_1_110' title='bbox 602 2464 721 2528; x_wconf 86' lang='lat' dir='ltr'><strong>Uti</strong></span> <span class='ocrx_word' id='word_1_111' title='bbox 749 2479 974 2528; x_wconf 86' lang='lat' dir='ltr'><strong>autem</strong></span> <span class='ocrx_word' id='word_1_112' title='bbox 1018 2463 1183 2526; x_wconf 85' lang='lat' dir='ltr'><strong>istos</strong></span> <span class='ocrx_word' id='word_1_113' title='bbox 1216 2457 1526 2523; x_wconf 78' lang='lat' dir='ltr'><strong>doctores.</strong></span> <span class='ocrx_word' id='word_1_114' title='bbox 1559 2459 2054 2546; x_wconf 83' lang='lat' dir='ltr'><strong>vituperamus,</strong></span> <span class='ocrx_word' id='word_1_115' title='bbox 2113 2458 2293 2544; x_wconf 81' lang='lat' dir='ltr'><strong>quod</strong></span> <span class='ocrx_word' id='word_1_116' title='bbox 2321 2458 2680 2523; x_wconf 83' lang='lat' dir='ltr'><strong>Samaritas</strong></span> 
     </span>
    </p>
   </div>
   <div class='ocr_carea' id='block_1_6' title="bbox 605 2576 2684 2775">
    <p class='ocr_par' dir='ltr' id='par_1_7' title="bbox 605 2576 2684 2775">
     <span class='ocr_line' id='line_1_20' title="bbox 605 2576 2684 2667; baseline -0.003 -20"><span class='ocrx_word' id='word_1_117' title='bbox 605 2604 878 2648; x_wconf 85' lang='lat' dir='ltr'><strong>suorum</strong></span> <span class='ocrx_word' id='word_1_118' title='bbox 932 2591 1314 2667; x_wconf 84' lang='lat' dir='ltr'><strong>temporum</strong></span> <span class='ocrx_word' id='word_1_119' title='bbox 1386 2581 1628 2643; x_wconf 86' lang='lat' dir='ltr'><strong>abiecti</strong></span> <span class='ocrx_word' id='word_1_120' title='bbox 1697 2580 1947 2644; x_wconf 76' lang='lat' dir='ltr'><strong>veteris</strong></span> <span class='ocrx_word' id='word_1_121' title='bbox 2015 2576 2451 2665; x_wconf 79' lang='lat' dir='ltr'><strong>derelictique</strong></span> <span class='ocrx_word' id='word_1_122' title='bbox 2507 2576 2684 2659; x_wconf 83' lang='lat' dir='ltr'><strong>signi</strong></span> 
     </span>
     <span class='ocr_line' id='line_1_21' title="bbox 605 2695 2680 2775; baseline -0.002 -12"><span class='ocrx_word' id='word_1_123' title='bbox 605 2721 800 2764; x_wconf 85' lang='lat' dir='ltr'><strong>causa</strong></span> <span class='ocrx_word' id='word_1_124' title='bbox 818 2697 1248 2759; x_wconf 79' lang='lat' dir='ltr'><strong>idololatriae</strong></span> <span class='ocrx_word' id='word_1_125' title='bbox 1286 2695 1777 2755; x_wconf 80' lang='lat' dir='ltr'><strong>accusaverint:</strong></span> <span class='ocrx_word' id='word_1_126' title='bbox 1843 2698 1939 2754; x_wconf 84' lang='lat' dir='ltr'><strong>ita</strong></span> <span class='ocrx_word' id='word_1_127' title='bbox 1981 2699 2197 2756; x_wconf 89' lang='lat' dir='ltr'><strong>multo</strong></span> <span class='ocrx_word' id='word_1_128' title='bbox 2236 2698 2447 2775; x_wconf 85' lang='lat' dir='ltr'><strong>magis</strong></span> <span class='ocrx_word' id='word_1_129' title='bbox 2476 2696 2680 2760; x_wconf 66' lang='lat' dir='ltr'><strong>Amen</strong></span> 
     </span>
    </p>
   </div>
   <div class='ocr_carea' id='block_1_7' title="bbox 500 2805 2683 4085">
    <p class='ocr_par' dir='ltr' id='par_1_8' title="bbox 500 2805 2683 4085">
     <span class='ocr_line' id='line_1_22' title="bbox 598 2805 2682 2900; baseline -0.005 -16"><span class='ocrx_word' id='word_1_130' title='bbox 598 2820 830 2884; x_wconf 69' lang='lat' dir='ltr'><strong>Esau:</strong></span> <span class='ocrx_word' id='word_1_131' title='bbox 873 2807 1287 2900; x_wconf 75' lang='lat' dir='ltr'><strong>impudentia</strong></span> <span class='ocrx_word' id='word_1_132' title='bbox 1345 2805 1724 2888; x_wconf 81' lang='lat' dir='ltr'><strong>castiganda</strong></span> <span class='ocrx_word' id='word_1_133' title='bbox 1758 2805 2292 2897; x_wconf 83' lang='lat' dir='ltr'><strong>Judaeorumque</strong></span> <span class='ocrx_word' id='word_1_134' title='bbox 2346 2812 2682 2874; x_wconf 83' lang='lat' dir='ltr'><strong>recentis-</strong></span> 
     </span>
     <span class='ocr_line' id='line_1_23' title="bbox 605 2924 2683 3016; baseline -0.004 -13"><span class='ocrx_word' id='word_1_135' title='bbox 605 2940 927 3004; x_wconf 82' lang='lat' dir='ltr'><strong>simorum</strong></span> <span class='ocrx_word' id='word_1_136' title='bbox 965 2931 1250 2996; x_wconf 79' lang='lat' dir='ltr'><strong>stultitia</strong></span> <span class='ocrx_word' id='word_1_137' title='bbox 1287 2924 1710 3016; x_wconf 77' lang='lat' dir='ltr'><strong>explodenda</strong></span> <span class='ocrx_word' id='word_1_138' title='bbox 1749 2927 1924 3008; x_wconf 84' lang='lat' dir='ltr'><strong>erit,·</strong></span> <span class='ocrx_word' id='word_1_139' title='bbox 1972 2932 2294 3014; x_wconf 85' lang='lat' dir='ltr'><strong>quoniam</strong></span> <span class='ocrx_word' id='word_1_140' title='bbox 2338 2930 2457 2994; x_wconf 83' lang='lat' dir='ltr'><strong>ille</strong></span> <span class='ocrx_word' id='word_1_141' title='bbox 2497 2929 2683 2995; x_wconf 74' lang='lat' dir='ltr'><strong>haud</strong></span> 
     </span>
     <span class='ocr_line' id='line_1_24' title="bbox 606 3044 2682 3137; baseline -0.005 -14"><span class='ocrx_word' id='word_1_142' title='bbox 606 3057 873 3130; x_wconf 84' lang='lat' dir='ltr'><strong>eru-buit</strong></span> <span class='ocrx_word' id='word_1_143' title='bbox 901 3047 1344 3128; x_wconf 79' lang='lat' dir='ltr'><strong>comminisci,</strong></span> <span class='ocrx_word' id='word_1_144' title='bbox 1362 3085 1365 3088; x_wconf 96' lang='lat'>·</span> <span class='ocrx_word' id='word_1_145' title='bbox 1386 3048 1460 3110; x_wconf 86' lang='lat' dir='ltr'><strong>in</strong></span> <span class='ocrx_word' id='word_1_146' title='bbox 1487 3044 1714 3110; x_wconf 87' lang='lat' dir='ltr'><strong>codice</strong></span> <span class='ocrx_word' id='word_1_147' title='bbox 1760 3045 2191 3123; x_wconf 78' lang='lat' dir='ltr'><strong>Samaritano.</strong></span> <span class='ocrx_word' id='word_1_148' title='bbox 2210 3051 2682 3137; x_wconf 72' lang='lat' dir='ltr'><strong>scriptumes-</strong></span> 
     </span>
     <span class='ocr_line' id='line_1_25' title="bbox 608 3172 2677 3250; baseline -0.006 -10"><span class='ocrx_word' id='word_1_149' title='bbox 608 3198 681 3240; x_wconf 87' lang='lat' dir='ltr'><strong>se</strong></span> <span class='ocrx_word' id='word_1_150' title='bbox 727 3182 1113 3250; x_wconf 60' lang='lat' dir='ltr'><strong>:numm-nr!</strong></span> <span class='ocrx_word' id='word_1_151' title='bbox 1177 3176 1381 3230; x_wconf 60' lang='lat' dir='ltr'><strong>nuum&lt;</strong></span> <span class='ocrx_word' id='word_1_152' title='bbox 1440 3181 1566 3230; x_wconf 60' lang='grc' dir='ltr'><strong>κῆ)</strong></span> <span class='ocrx_word' id='word_1_153' title='bbox 1622 3174 1864 3231; x_wconf 50' lang='lat' dir='ltr'><strong>numa:</strong></span> <span class='ocrx_word' id='word_1_154' title='bbox 1924 3172 1998 3228; x_wconf 77' lang='lat' dir='ltr'><strong>in</strong></span> <span class='ocrx_word' id='word_1_155' title='bbox 2043 3172 2405 3249; x_wconf 63' lang='lat' dir='ltr'><strong>principio*</strong></span> <span class='ocrx_word' id='word_1_156' title='bbox 2436 3172 2677 3229; x_wconf 73' lang='lat' dir='ltr'><strong>creavit</strong></span> 
     </span>
     <span class='ocr_line' id='line_1_26' title="bbox 605 3279 2675 3364; baseline -0.005 -8"><span class='ocrx_word' id='word_1_157' title='bbox 605 3294 915 3357; x_wconf 64' lang='lat' dir='ltr'><strong>Asc-kima</strong></span> <span class='ocrx_word' id='word_1_158' title='bbox 961 3288 1211 3346; x_wconf 76' lang='lat' dir='ltr'><strong>caelum</strong></span> <span class='ocrx_word' id='word_1_159' title='bbox 1253 3296 1378 3347; x_wconf 83' lang='lat' dir='ltr'><strong>etc.</strong></span> <span class='ocrx_word' id='word_1_160' title='bbox 1431 3279 1522 3364; x_wconf 83' lang='lat'><strong>¹):</strong></span> <span class='ocrx_word' id='word_1_161' title='bbox 1578 3282 1925 3345; x_wconf 65' lang='lat' dir='ltr'><strong>hiantem</strong></span> <span class='ocrx_word' id='word_1_162' title='bbox 1965 3288 2080 3348; x_wconf 78' lang='lat' dir='ltr'><strong>vel</strong></span> <span class='ocrx_word' id='word_1_163' title='bbox 2111 3285 2312 3348; x_wconf 81' lang='lat' dir='ltr'><strong>hodie</strong></span> <span class='ocrx_word' id='word_1_164' title='bbox 2355 3288 2675 3350; x_wconf 80' lang='lat' dir='ltr'><strong>fabulan-</strong></span> 
     </span>
     <span class='ocr_line' id='line_1_27' title="bbox 602 3399 2675 3493; baseline -0.005 -17"><span class='ocrx_word' id='word_1_165' title='bbox 602 3429 744 3493; x_wconf 73' lang='lat' dir='ltr'><strong>tur,</strong></span> <span class='ocrx_word' id='word_1_166' title='bbox 792 3406 1273 3483; x_wconf 68' lang='lat' dir='ltr'><strong>Samaritanus„</strong></span> <span class='ocrx_word' id='word_1_167' title='bbox 1308 3400 1733 3464; x_wconf 82' lang='lat' dir='ltr'><strong>fidelissimos</strong></span> <span class='ocrx_word' id='word_1_168' title='bbox 1780 3399 2121 3466; x_wconf 84' lang='lat' dir='ltr'><strong>Mosaismi</strong></span> <span class='ocrx_word' id='word_1_169' title='bbox 2154 3404 2477 3481; x_wconf 79' lang='lat' dir='ltr'><strong>cultores²</strong></span> <span class='ocrx_word' id='word_1_170' title='bbox 2515 3414 2675 3466; x_wconf 82' lang='lat' dir='ltr'><strong>tur-</strong></span> 
     </span>
     <span class='ocr_line' id='line_1_28' title="bbox 599 3522 2676 3611; baseline -0.01 -12"><span class='ocrx_word' id='word_1_171' title='bbox 599 3548 833 3600; x_wconf 47' lang='lat' dir='ltr'><strong>turem*</strong></span> <span class='ocrx_word' id='word_1_172' title='bbox 860 3549 1014 3593; x_wconf 86' lang='lat' dir='ltr'><strong>eum</strong></span> <span class='ocrx_word' id='word_1_173' title='bbox 1059 3523 1364 3611; x_wconf 77' lang='lat' dir='ltr'><strong>adorare,</strong></span> <span class='ocrx_word' id='word_1_174' title='bbox 1435 3543 1638 3609; x_wconf 87' lang='lat' dir='ltr'><strong>quem</strong></span> <span class='ocrx_word' id='word_1_175' title='bbox 1689 3542 1777 3586; x_wconf 83' lang='lat' dir='ltr'><strong>ex</strong></span> <span class='ocrx_word' id='word_1_176' title='bbox 1820 3530 2090 3601; x_wconf 87' lang='lat' dir='ltr'><strong>argento</strong></span> <span class='ocrx_word' id='word_1_177' title='bbox 2132 3522 2492 3588; x_wconf 83' lang='lat' dir='ltr'><strong>conflatum</strong></span> <span class='ocrx_word' id='word_1_178' title='bbox 2521 3524 2676 3586; x_wconf 79' lang='lat' dir='ltr'><strong>vir-</strong></span> 
     </span>
     <span class='ocr_line' id='line_1_29' title="bbox 500 3628 2674 3737; baseline -0.006 -19"><span class='ocrx_word' id='word_1_179' title='bbox 500 3628 509 3636; x_wconf 42' lang='grc'><em>’</em></span> <span class='ocrx_word' id='word_1_180' title='bbox 606 3647 1158 3737; x_wconf 67' lang='grc' dir='ltr'><strong>ςαείωροείωηι</strong></span> <span class='ocrx_word' id='word_1_181' title='bbox 1197 3646 1477 3721; x_wconf 85' lang='lat' dir='ltr'><strong>scimus,</strong></span> <span class='ocrx_word' id='word_1_182' title='bbox 1539 3643 1708 3706; x_wconf 84' lang='lat' dir='ltr'><strong>circa</strong></span> <span class='ocrx_word' id='word_1_183' title='bbox 1753 3659 1949 3727; x_wconf 85' lang='lat' dir='ltr'><strong>quam</strong></span> <span class='ocrx_word' id='word_1_184' title='bbox 1991 3641 2374 3726; x_wconf 83' lang='lat' dir='ltr'><strong>exemplum</strong></span> <span class='ocrx_word' id='word_1_185' title='bbox 2405 3640 2674 3707; x_wconf 82' lang='lat' dir='ltr'><strong>Penta-</strong></span> 
     </span>
     <span class='ocr_line' id='line_1_30' title="bbox 604 3757 2671 3849; baseline -0.006 -13"><span class='ocrx_word' id='word_1_186' title='bbox 604 3771 833 3835; x_wconf 85' lang='lat' dir='ltr'><strong>teuchi</strong></span> <span class='ocrx_word' id='word_1_187' title='bbox 869 3765 1232 3842; x_wconf 81' lang='lat' dir='ltr'><strong>evolvitur,</strong></span> <span class='ocrx_word' id='word_1_188' title='bbox 1307 3785 1436 3849; x_wconf 88' lang='lat' dir='ltr'><strong>quo</strong></span> <span class='ocrx_word' id='word_1_189' title='bbox 1480 3762 1791 3848; x_wconf 81' lang='lat' dir='ltr'><strong>pontifex</strong></span> <span class='ocrx_word' id='word_1_190' title='bbox 1833 3759 2165 3823; x_wconf 83' lang='lat' dir='ltr'><strong>maximus</strong></span> <span class='ocrx_word' id='word_1_191' title='bbox 2217 3757 2587 3824; x_wconf 85' lang='lat' dir='ltr'><strong>Samaritan</strong></span> <span class='ocrx_word' id='word_1_192' title='bbox 2639 3780 2671 3823; x_wconf 82' lang='lat' dir='ltr'><strong>s</strong></span> 
     </span>
     <span class='ocr_line' id='line_1_31' title="bbox 603 3783 2671 3972; baseline -0.006 -19"><span class='ocrx_word' id='word_1_193' title='bbox 603 3892 679 3954; x_wconf 91' lang='lat' dir='ltr'><strong>in</strong></span> <span class='ocrx_word' id='word_1_194' title='bbox 709 3888 963 3972; x_wconf 83' lang='lat' dir='ltr'><strong>templo</strong></span> <span class='ocrx_word' id='word_1_195' title='bbox 990 3919 1079 3932; x_wconf 92' lang='lat'><em>-</em></span> <span class='ocrx_word' id='word_1_196' title='bbox 1119 3885 1437 3947; x_wconf 82' lang='lat' dir='ltr'><strong>sacellum</strong></span> <span class='ocrx_word' id='word_1_197' title='bbox 1480 3895 1707 3946; x_wconf 85' lang='lat' dir='ltr'><strong>autem</strong></span> <span class='ocrx_word' id='word_1_198' title='bbox 1762 3890 1866 3941; x_wconf 88' lang='lat' dir='ltr'><strong>est</strong></span> <span class='ocrx_word' id='word_1_199' title='bbox 1903 3890 2258 3960; x_wconf 85' lang='lat' dir='ltr'><strong>angustum</strong></span> <span class='ocrx_word' id='word_1_200' title='bbox 2299 3892 2369 3944; x_wconf 85' lang='lat' dir='ltr'><strong>et</strong></span> <span class='ocrx_word' id='word_1_201' title='bbox 2412 3783 2671 3943; x_wconf 50' lang='lat' dir='ltr'><strong>humgo</strong></span> 
     </span>
     <span class='ocr_line' id='line_1_32' title="bbox 602 3999 2670 4085; baseline -0.005 -16"><span class='ocrx_word' id='word_1_202' title='bbox 602 4043 691 4061; x_wconf 88' lang='lat'><strong>--</strong></span> <span class='ocrx_word' id='word_1_203' title='bbox 730 4006 834 4068; x_wconf 83' lang='lat' dir='ltr'><strong>uti</strong></span> <span class='ocrx_word' id='word_1_204' title='bbox 870 4005 1063 4065; x_wconf 83' lang='lat' dir='ltr'><strong>solet.</strong></span> <span class='ocrx_word' id='word_1_205' title='bbox 1152 4001 1347 4082; x_wconf 84' lang='lat' dir='ltr'><strong>Quae</strong></span> <span class='ocrx_word' id='word_1_206' title='bbox 1364 3999 1755 4083; x_wconf 59' lang='lat' dir='ltr'><strong>2criminatio</strong></span> <span class='ocrx_word' id='word_1_207' title='bbox 1786 4018 1983 4085; x_wconf 88' lang='lat' dir='ltr'><strong>quam</strong></span> <span class='ocrx_word' id='word_1_208' title='bbox 2025 4000 2229 4063; x_wconf 82' lang='lat' dir='ltr'><strong>stulta</strong></span> <span class='ocrx_word' id='word_1_209' title='bbox 2271 4000 2393 4080; x_wconf 85' lang='lat' dir='ltr'><strong>sit,</strong></span> <span class='ocrx_word' id='word_1_210' title='bbox 2454 4019 2542 4062; x_wconf 81' lang='lat' dir='ltr'><strong>ex</strong></span> <span class='ocrx_word' id='word_1_211' title='bbox 2588 4018 2670 4058; x_wconf 86' lang='lat' dir='ltr'><strong>eo</strong></span> 
     </span>
    </p>
   </div>
   <div class='ocr_carea' id='block_1_8' title="bbox 610 4131 1023 4156">
    <p class='ocr_par' dir='ltr' id='par_1_9' title="bbox 610 4131 1023 4156">
     <span class='ocr_line' id='line_1_33' title="bbox 610 4131 1023 4156; baseline 0 1061"><span class='ocrx_word' id='word_1_212' title='bbox 610 4131 1023 4156; x_wconf 95' lang='lat' dir='ltr'><strong> </strong></span> 
     </span>
    </p>
   </div>
   <div class='ocr_carea' id='block_1_9' title="bbox 681 4215 2662 4390">
    <p class='ocr_par' dir='ltr' id='par_1_10' title="bbox 681 4215 2662 4390">
     <span class='ocr_line' id='line_1_34' title="bbox 681 4215 2662 4306; baseline -0.006 -20"><span class='ocrx_word' id='word_1_213' title='bbox 681 4233 734 4301; x_wconf 77' lang='grc' dir='ltr'><strong>ι)</strong></span> <span class='ocrx_word' id='word_1_214' title='bbox 771 4230 841 4282; x_wconf 85' lang='lat' dir='ltr'><strong>In</strong></span> <span class='ocrx_word' id='word_1_215' title='bbox 872 4220 1208 4297; x_wconf 76' lang='lat' dir='ltr'><strong>praefatione</strong></span> <span class='ocrx_word' id='word_1_216' title='bbox 1245 4226 1301 4274; x_wconf 78' lang='lat' dir='ltr'><strong>in</strong></span> <span class='ocrx_word' id='word_1_217' title='bbox 1349 4224 1540 4278; x_wconf 73' lang='lat' dir='ltr'><strong>lilmcm</strong></span> <span class='ocrx_word' id='word_1_218' title='bbox 1570 4222 1792 4306; x_wconf 61' lang='lat' dir='ltr'><strong>Esther,</strong></span> <span class='ocrx_word' id='word_1_219' title='bbox 1840 4223 2128 4282; x_wconf 72' lang='lat' dir='ltr'><strong>volumine</strong></span> <span class='ocrx_word' id='word_1_220' title='bbox 2171 4240 2224 4296; x_wconf 76' lang='lat'><strong>7.</strong></span> <span class='ocrx_word' id='word_1_221' title='bbox 2255 4217 2495 4278; x_wconf 75' lang='lat' dir='ltr'><strong>Bibliot.</strong></span> <span class='ocrx_word' id='word_1_222' title='bbox 2526 4215 2662 4275; x_wconf 75' lang='lat' dir='ltr'><strong>tab-</strong></span> 
     </span>
     <span class='ocr_line' id='line_1_35' title="bbox 749 4325 1449 4390; baseline -0.01 0"><span class='ocrx_word' id='word_1_223' title='bbox 749 4332 870 4390; x_wconf 81' lang='lat' dir='ltr'><strong>bin.</strong></span> <span class='ocrx_word' id='word_1_224' title='bbox 902 4331 1020 4388; x_wconf 79' lang='lat' dir='ltr'><strong>Joa.</strong></span> <span class='ocrx_word' id='word_1_225' title='bbox 1055 4325 1346 4385; x_wconf 71' lang='lat' dir='ltr'><strong>Buxtorfii.</strong></span> <span class='ocrx_word' id='word_1_226' title='bbox 1446 4365 1449 4368; x_wconf 94' lang='lat'>-</span> 
     </span>
    </p>
   </div>
  </div>
 </body>
</html>
