2978 5217
685 628 809 698 die
857 608 1189 720 resur-get
1222 624 1310 717 ¹):
1385 648 1655 694 summa
1676 676 1699 713 ,
1750 647 1894 718 qua
1924 611 2081 693 fieri
2111 642 2406 719 posset„
2437 618 2747 720 diligen-

687 727 780 797 tia
821 721 1264 798 ‚Iudaeorum
1307 725 1570 822 pariter
1629 749 1709 796 ac
1759 722 2364 796 Samaritanorum
2418 723 2748 822 dogmata

687 824 1041 900 Messiana
1091 826 1549 899 examinanda
1607 853 1758 899 esse
1797 826 2156 916 intellexi,
2231 847 2309 898 ut
2355 845 2747 924 appareret,

690 955 730 999 a
730 927 1024 1043 ‘quibus
1082 929 1599 1032 Christologiae
1635 929 2018 1026 placitum,
2104 926 2303 1024 quod
2347 929 2529 1001 circa
2559 927 2749 999 Mes-

691 1029 834 1102 siae
873 1051 1180 1104 mortem
1213 1052 1576 1118 versatur,
1623 1031 2028 1127 profectum
2065 1030 2611 1128 evulgatumque
2655 1027 2745 1101 sit

692 1151 767 1204 et
800 1159 975 1205 num
1006 1132 1181 1209 Jesu
1212 1131 1587 1211 servatoris
1627 1152 1952 1229 tempora
1986 1131 2494 1204 antecesserit?

900 1338 1071 1425 Quo
1114 1358 1427 1436 utroque
1468 1357 1791 1436 reperto,
1846 1363 2013 1409 cum
2062 1335 2421 1428 viderem,
2490 1334 2753 1436 dogma

694 1436 1136 1513 Messianum
1169 1440 1690 1513 Samaritanum
1710 1495 1730 1531 ‚
1796 1468 1836 1510 a
1868 1438 2209 1512 Rabbinis
2238 1439 2594 1513 veteribus
2638 1465 2757 1509 ae-

693 1566 840 1639 que
882 1569 961 1614 ac
1019 1538 1539 1616 recentioribus
1579 1541 1954 1634 traditum,
2022 1570 2062 1613 a
2098 1563 2343 1613 natura
2392 1562 2464 1613 et
2505 1539 2759 1613 indole

696 1642 1035 1718 Messiani
1075 1643 1433 1735 .decreti‚‘
1486 1671 1526 1716 a
1570 1642 1983 1718 Mancmno
2050 1670 2177 1716 seu
2233 1643 2758 1716 MOPHARRED-

700 1769 949 1836 acmo,
1004 1744 1052 1815 J
1056 1744 1263 1815 acobi
1286 1745 1477 1834 filio,
1545 1771 1823 1817 summo
1875 1746 2474 1817 Samaritanorum
2516 1744 2762 1843 ponti·-

698 1847 873 1937 fiee,
944 1864 1105 1917 ante
1159 1844 1513 1916 ducentos
1554 1846 1706 1915 fere
1767 1872 1991 1915 annos
2046 1873 2215 1915 cum
2261 1847 2515 1943 Anglis
2562 1872 2764 1917 com·-

696 1947 1073 2038 municati,
1126 1944 1338 2044 plane
1368 1945 1791 2018 abhorrere:
1859 1944 2373 2044 explorandum
2385 1904 2595 2017 emihi
2641 1973 2761 2018 su-

697 2073 983 2148 peresse
1016 2047 1378 2138 intellexi,
1434 2048 1553 2120 cui
1590 2047 1663 2120 in
1728 2043 1943 2118 huius
1990 2046 2264 2120 decreti
2316 2048 2763 2148 expositione

704 2148 889 2223 fides
934 2149 1341 2226 adhibenda
1400 2151 1524 2242 sit,
1606 2148 2294 2246 Mopharredschi0‚
2361 2178 2453 2222 an
2496 2150 2765 2223 Rabbi-

699 2251 870 2325 nis?
971 2250 1064 2326 Et
1104 2250 1241 2326 hac
1298 2278 1591 2353 quoque
1647 2277 1723 2324 re
1781 2250 2164 2355 diligenter
2216 2253 2571 2350 explorata
2638 2281 2764 2351 ap-

701 2357 976 2472 paruit,
1030 2382 1198 2428 cum
1227 2355 1487 2460 dogma
1518 2314 1957 2429 Messianum
1978 2354 2492 2427 Samaritanum
2518 2355 2767 2428 aRab-

702 2457 889 2532 binis
936 2481 1391 2551 enarratum,
1445 2477 1933 2532 commentum
1977 2483 2163 2549 esse,
2217 2485 2253 2529 a
2294 2480 2464 2531 vero
2510 2457 2766 2557 genui-
2807 2467 2818 2473 '

704 2583 951 2660 noque
1009 2563 1305 2635 decreto
1361 2560 1862 2634 Samaritarum
1914 2560 2272 2634 Messiano
2325 2559 2541 2677 longe
2601 2561 2766 2633 alie-

705 2689 916 2734 num:
983 2682 1170 2755 tum,
1251 2664 1496 2737 locum
1556 2660 2075 2759 Christologiae
2124 2662 2597 2735 Samaritanae
2672 2662 2765 2736 de

706 2762 968 2838 Messia
1019 2785 1329 2839 mortem
1367 2765 1821 2864 oppetituro,
1878 2789 1963 2836 ex
1999 2763 2408 2862 priscorum
2449 2763 2770 2840 ‚Iudaeo-

707 2892 873 2938 rum
921 2865 1253 2967 dogmate
1288 2868 1683 2961 Messiano,
1750 2865 1982 2939 multo
2023 2885 2187 2939 ante
2230 2864 2596 2940 Christum
2645 2897 2770 2942 na-

707 2986 888 3062 tum,
934 2966 1276 3044 haustum
1321 2998 1496 3063 esse,
1551 2999 1693 3044 una
1739 2996 1908 3045 cum
1946 2968 2199 3044 ceteris
2242 2968 2516 3046 decreti
2550 2969 2770 3045 huius

711 3070 1060 3169 'capitibus
1087 3075 1240 3147 fere
1281 3074 1634 3150 omnibus.

912 3274 1438 3377 Ἀληθεῦοντες
1516 3283 1593 3353 ἐν
1670 3273 1910 3377 ἀγάπῃ
1925 3336 1952 3369 ,
2053 3296 2277 3375 prout
2329 3275 2775 3395 Theologiae

713 3375 1109 3456 studiosum
1136 3377 1384 3470 decet,
1412 3398 1857 3477 opportunas
1869 3356 2328 3477 crebrasque
2342 3380 2775 3499 occasiones,

715 3479 1094 3554 sententias
1136 3433 1439 3582 alioruin
1487 3480 1920 3601 scriptorum
1954 3479 2435 3574 examinandi,
2489 3483 2638 3581 qui,
2689 3505 2780 3562 ut

713 3582 894 3658 haec
925 3583 1238 3659 scribere
1269 3575 1754 3684 potuerimuS‚
1815 3585 2036 3677 viam,
2088 3604 2308 3682 prout
2347 3586 2524 3684 grati
2552 3590 2780 3684 profi·-

718 3706 989 3779 temur,
1054 3687 1267 3761 nobis
1310 3689 1759 3779 munierunt,
1826 3686 2201 3805 diligenter
2251 3688 2605 3762 evitandas
2639 3691 2780 3767 fu·-

717 3788 1155 3905 giendasque
1212 3789 1573 3864 duximus:
1645 3789 2110 3864 nihilosecius
2172 3817 2323 3864 non
2382 3792 2777 3890 potuimu8‚

719 3889 963 3992 quin
941 3910 1084 3963 tam
1135 3893 1229 3965 de
1268 3894 1340 3969 vi
1376 3892 1872 4002 probabilique
1938 3917 2154 3968 sensu
2218 3914 2293 3972 et
2345 3914 2782 3997 argumento

786 4178 1288 4306 ἠὴῑὰῑὲοέἒωοΧᾮἮῙ.
1325 4186 1413 4239 31.
1449 4186 1534 4246 32·
1570 4187 1655 4240 33.
1692 4186 1839 4241 iuxta
1883 4183 2116 4243 Snus-r.
2154 4184 2580 4238 Casa-nutent
2610 4191 2787 4240 trans-
