2978 5217
289 642 580 711 pugnare
614 621 901 687 videtur.
961 620 1130 685 Nam
1163 622 1220 684 si
1250 620 1610 684 Samaritae
1639 619 1988 701 docerent,
2031 642 2343 705 magnum

287 757 649 823 venturum
691 743 1089 827 prophetam
1127 740 1423 824 e'stirpe
1479 740 1755 825 Josephi
1813 741 2138 827 originem
2200 761 2347 803 esse

290 870 689 938 tracturum,
769 881 898 921 non
959 859 1370 939 videremuS,
1447 879 1613 944 quae
1675 878 1865 921 causa
1903 857 2351 944 Mopharred-

253 976 257 983 ’
296 978 550 1040 schium
577 975 951 1061 impulerit,
1008 981 1179 1042 hanc
1219 986 1362 1042 rein
1409 977 1800 1058 Anglicanis
1845 975 2190 1039 Samaritis
2232 998 2353 1040 re-

292 1097 533 1174 ticere,
580 1119 774 1180 quam
820 1098 1000 1159 omni
1043 1097 1459 1160 Samaritano
1507 1094 1764 1160 nomini
1811 1113 2067 1156 summo
2110 1094 2354 1157 honori

203 1199 206 1201 Δ
298 1232 442 1273 esse
470 1198 764 1294 videret,
810 1218 1161 1301 praecipue
1196 1239 1343 1284 cum
1390 1215 1568 1278 idem
1604 1215 1722 1275 ille
1769 1214 2011 1276 oblitus
2054 1235 2190 1274 non
2235 1215 2354 1291 sit,

290 1333 491 1417 paulo
519 1345 667 1416 post
711 1354 1039 1412 asserere,
1083 1332 1259 1407 tradi
1300 1355 1339 1395 a
1367 1331 1829 1409 samaritanis,
1877 1329 2193 1394 messiam
2234 1331 2357 1394 Si-

296 1451 564 1515 chemae
597 1454 932 1535 sepultum
975 1452 1080 1513 iri.
1181 1450 1420 1514 Nullus
1444 1451 1743 1513 omnium
1769 1448 2354 1528 Samaritanorum,

300 1580 623 1652 quotquot
653 1567 737 1629 ad
766 1568 1149 1649 Europaeos
1174 1566 1431 1627 litteras
1465 1564 1811 1642 dederunt,
1843 1567 2147 1641 asseruit,
2187 1570 2357 1640 fore,

299 1697 377 1748 ut
404 1705 681 1765 magnus
709 1697 1031 1748 venturus
1085 1685 1410 1769 propheta
1444 1681 1768 1760 originem
1809 1703 1846 1743 a
1877 1680 2170 1766 Josepho
2214 1695 2363 1747 tra-

301 1805 440 1884 hat,
487 1807 558 1866 ac
591 1812 675 1865 ne
704 1816 860 1867 tunc
886 1788 1170 1889 'quidem
1209 1806 1333 1865 hac
1373 1800 1454 1864 de
1509 1821 1618 1879 re,
1662 1779 2007 1863 mentione
2050 1800 2362 1883 dignissi-

294 1922 430 2001 ma,
473 1924 734 1985 locutus
766 1937 885 2001 est,
934 1946 1080 1986 cum
1109 1933 1286 1986 totus
1316 1921 1392 1984 in
1435 1941 1515 1982 eo
1546 1930 1722 1982 esset
1736 1931 2127 2000 monstrare,
2155 1943 2360 2007 quan·

296 2054 444 2106 tum
477 2045 551 2104 in
585 2044 886 2106 omnibus
915 2045 1111 2106 rebus
1140 2039 1539 2105 Samaritani
1568 2037 1836 2101 Judaeis
1867 2053 2228 2122 praestent.

471 2161 870 2241 Samaritae,
916 2174 990 2224 ut
1027 2163 1150 2225 hac
1193 2161 1266 2223 in
1303 2146 1375 2222 re
1407 2160 1700 2223 sinceros
1741 2175 1818 2220 se
1848 2156 2190 2224 Mosaismi
2245 2183 2366 2226 se·-

303 2294 586 2345 ctatores
634 2282 1146 2366 praestiterunt,
1225 2277 1494 2341 credere
1539 2276 1747 2337 satius
1798 2273 2153 2354 ducentes,
2197 2301 2368 2362 pro-

302 2399 579 2485 phetam
621 2420 660 2460 a
703 2397 849 2459 Deo
889 2418 1009 2480 per
1050 2397 1289 2460 Mosen
1324 2395 1760 2480 promissum,
1806 2412 1950 2455 esse
1986 2406 2367 2476 venturum,

304 2536 504 2598 quam
535 2513 621 2576 de
654 2515 796 2576 eius
840 2513 1094 2595 origine
1137 2512 1539 2598 disceptare:
1587 2513 1684 2574 ita
1730 2511 2080 2592 miramur,
2137 2535 2251 2578 eos
2292 2514 2370 2578 in

300 2632 629 2697 tradendo
656 2634 857 2695 huius
884 2636 1250 2719 prophetae
1283 2634 1556 2696 nomine
1586 2653 1625 2693 a
1654 2630 2106 2702 Pentateucho
2136 2653 2373 2699 reces-

301 2754 492 2816 sisse.
601 2752 712 2815 ΑΒ
759 2750 1038 2816 ΕΕΗΠΤΑ
1093 2752 1307 2832 enim,
1382 2749 1687 2815 sacerdos
1748 2749 2237 2832 Samaritanus,
2295 2757 2373 2817 in

301 2841 522 2957 prima
543 2871 626 2934 ad
641 2871 681 2932 J
685 2872 911 2954 oseph.
962 2849 1370 2949 Scaligerum
1398 2871 1682 2952 epistola
1702 2869 1795 2930 ait
1822 2870 1909 2962 ¹)?
1957 2876 2373 2965 ’ΛΑΜ

316 3013 626 3096 ‘sama
694 3008 940 3097 ‘sem
1008 3013 1319 3090 manv
1384 3008 1643 3088 tntu*-
1706 2988 2138 3090 ·t·bar*²”ffi1
2213 3007 2374 3097 ‘zv

317 3147 636 3240 ,gq‘gqm
688 3140 939 3231 *MA
993 3147 1305 3223 ’ζ’ΛΛθ
1359 3147 1615 3224 ‘V‘rm'
1664 3142 1863 3223 {³:33²
1917 3134 1960 3196 i·
1995 3155 2054 3198 e·
2084 3138 2185 3198 De
2198 3140 2379 3197 Mes-

313 3277 419 3333 sia
461 3277 872 3354 interrogasti
884 3296 904 3331 .·
948 3293 1164 3356 nomen
1207 3273 1341 3329 eius
1367 3266 1545 3349 apud
1572 3288 1685 3327 nos
1716 3266 1904 3329 aliud
1927 3291 2044 3331 non
2086 3285 2195 3350 est,
2242 3278 2379 3335 nisi

314 3394 706 3468 Hasckhab,
777 3414 887 3452 neo
937 3393 1275 3473 quisquam
1332 3400 1584 3467 praeter·
1637 3389 1982 3467 Dominum
2036 3392 2378 3484 adventqm

318 3516 452 3570 eius
487 3516 681 3571 novit.
766 3493 937 3575 Huic
981 3510 1271 3574 similem
1297 3505 1800 3591 responsionem
1831 3526 2045 3591 nuper
2070 3506 2379 3593 Suum»,
2463 3529 2482 3540 ⁹

318 3627 628 3693 sacerdos
665 3628 1185 3707 Sichemitanus,
1261 3621 1468 3688 Gallis
1516 3622 1731 3703 misit,
1756 3622 1855 3687 'ad
1898 3645 2012 3690 ens
2054 3628 2384 3693 scribens.-

322 3746 509 3829 ‚,Das
552 3768 694 3812 was
732 3746 839 3811 ihr
878 3769 1003 3809 uns
1044 3760 1186 3841 sagt
1224 3743 1356 3807 den
1393 3742 1777 3826 Propheten
1815 3739 2076 3834 Hathab
2123 3748 2384 3812 betres-

328 3865 523 3930 fend:
569 3889 642 3931 so
672 3869 793 3931 ists
813 3914 831 3947 ,
875 3867 1010 3930 wie
1038 3865 1145 3932 ihr
1175 3886 1245 3931 es
1274 3874 1438 3949 sagt.
1524 3860 1789 3930 Jehova
1818 3874 1999 3950 sagte
2040 3886 2127 3931 zu
2144 3864 2379 3938 Mose:

407 4234 460 4309 ι’)
495 4245 657 4314 Apud
690 4246 1024 4299 Ercnuoms.
1060 4241 1123 4296 in
1154 4244 1446 4315 Repertor.
1477 4244 1634 4300 xm.
1672 4243 1788 4313 265.
