2978 5217
533 650 606 694 se
636 632 953 708 traxisse,
994 623 1288 692 han‘c'ob
1332 626 1593 691 causam
1638 627 2006 693 verisimile
2031 622 2345 710 videtur,
2412 630 2590 716 quod

528 750 885 836 prophetas
916 767 1049 808 non
1082 747 1415 811 obstitisse
1445 750 1729 829 legimus
1749 795 1766 826 ,
1813 750 2163 833 quominus
2207 768 2322 811 eos
2351 753 2591 827 laetis-

411 878 427 885 ‘
527 868 695 930 sima
735 870 1033 950 quaeque
1075 864 1157 929 de
1186 879 1474 930 venturo
1510 867 1715 930 heroe
1762 879 2145 953 exspectare
2181 880 2586 952 paterentur.

526 980 899 1068 Prophetae
939 987 1265 1070 sequioris
1311 987 1548 1050 aetatis
1617 988 1789 1050 hanc
1832 1006 2018 1071 spem
2067 988 2271 1053 variis
2310 990 2590 1051 oraculis

523 1103 855 1166 aluerunt.
942 1103 1308 1190 Prophetas
1341 1104 1622 1168 oraculis
1650 1104 1778 1180 his,
1845 1104 2227 1167 Abrahamo
2276 1117 2343 1167 et
2387 1103 2594 1168 Jaco-

524 1221 613 1284 bo
640 1219 832 1301 datis,
878 1244 996 1287 sua
1027 1222 1111 1287 de
1139 1236 1424 1288 venturo
1444 1221 1688 1285 Massia
1709 1223 2036 1286 *vaticinia
2064 1225 2588 1307 superstruxisse

525 1352 642 1402 aut
680 1329 1134 1425 superstruere
1177 1341 1512 1426 potuisse,
1560 1360 1696 1403 non
1737 1342 2010 1405 omnino
2057 1339 2325 1426 quidem
2376 1361 2592 1421 nega-

521 1479 707 1521 mus:
784 1459 900 1521 sed
943 1459 1212 1522 eosdem
1265 1460 1625 1543 prophetas
1687 1479 1774 1523 ex
1835 1460 1941 1521 his
1989 1479 2248 1544 quoque
2306 1460 2587 1522 oraculis

524 1597 862 1656 cognosse,
904 1578 1295 1662 promissam
1327 1576 1711 1639 Abrahamo
1750 1579 2163 1653 salutiferam
2202 1578 2590 1662 progeniem

523 1714 612 1758 ex
662 1695 968 1781 prosapia
1012 1693 1290 1759 Davidis
1333 1694 1659 1776 originem
1702 1708 2094 1776 tracturam,
2162 1693 2590 1758 Bethlehemi

524 1833 675 1876 eam
710 1825 938 1876 natum
976 1813 1096 1890 iri,
1142 1824 1211 1876 ot
1243 1817 1564 1892 futurum,
1610 1827 1685 1877 ut
1720 1827 1989 1877 cruenta
2015 1827 2228 1877 morte
2271 1818 2591 1903 absuma-

519 1941 652 2009 tur,
697 1932 973 1994 minime
1016 1930 1503 1994 affirmabimus.
1593 1929 1756 1994 Sine
1799 1930 1999 1995 dubio
2042 1935 2361 2018 temporis
2395 1935 2593 1997 iniu-

519 2048 654 2123 ria,
699 2067 817 2109 seu
866 2047 1086 2130 potius
1125 2048 1478 2113 hominum
1509 2049 1800 2128 incuria,
1857 2051 2069 2114 multa
2110 2053 2588 2136 prophetarum

517 2150 972 2230 Hebraeorum
1034 2160 1517 2229 interciderunt
1585 2161 1936 2247 vaticinia,
2037 2190 2315 2254 quorum
2372 2171 2586 2254 plura,
2677 2230 2680 2233 ,

519 2304 688 2370 quae
735 2284 938 2348 hodie
973 2282 1449 2365 desiderantur,
1493 2287 1777 2351 inlibris
1802 2286 2060 2369 Regum
2107 2296 2182 2351 ae
2210 2285 2589 2351 Chronico-
2672 2314 2684 2322 ·

518 2428 668 2469 rum
696 2416 1166 2480 memorantur.
1256 2403 1391 2467 Sed
1433 2406 1714 2470 istorum
1743 2407 2211 2481 vaticiniorum
2257 2408 2418 2471 satis
2460 2428 2585 2469 su·-

519 2536 777 2610 perest,
823 2521 1198 2603 utldubium
1249 2546 1387 2589 non
1415 2526 1523 2602 sit,
1568 2528 1927 2615 prophetas
1969 2547 2111 2607 res,
2157 2524 2242 2588 ad
2271 2525 2585 2589 Messiam

519 2645 955 2727 pertinentes,
998 2643 1304 2705 bifariam
1341 2646 1776 2727 exposuisse,
1832 2657 1972 2708 tam
2015 2644 2097 2706 de
2124 2643 2378 2721 Heroe,
2437 2642 2587 2707 Da-

523 2759 696 2823 vidis
739 2761 913 2835 filio,
959 2759 1352 2836 immortali,
1408 2779 1880 2846 usquequaque
1920 2759 2137 2840 felici,
2182 2761 2433 2824 virtute
2463 2763 2585 2823 in-

519 2880 744 2962 genita
786 2876 1014 2941 divina
1057 2875 1396 2941 Hebraeos
1433 2880 1710 2943 beaturo
1757 2878 2248 2965 eorundemque
2290 2899 2585 2964 pessun-

525 2989 745 3060 datam
778 3017 922 3059 rem
963 2998 1371 3078 restitutum,
1418 3021 1615 3084 quam
1645 2999 1889 3064 Messia
1933 2997 2235 3071 doctore,
2289 2999 2583 3062 hominis

464 3187 468 3196 „
518 3118 683 3196 filio,
727 3118 935 3179 vitam
964 3118 1415 3199 periclitatum
1447 3132 1519 3181 et
1562 3120 1917 3198 amissuro,
1958 3133 2036 3183 ut
2061 3115 2587 3206 peccata'homi-

523 3219 693 3299 num¹
724 3235 917 3296 tollat
949 3252 1212 3314 ,eosque
1261 3236 1572 3315 exemplo
1620 3245 1689 3294 et
1738 3238 2010 3296 salutari
2062 3231 2359 3297 doctrina
2406 3240 2581 3297 beet.

519 3351 702 3418 Fieri
741 3359 995 3435 potest,
1041 3360 1109 3413 et
1153 3349 1283 3411 nisi
1320 3369 1441 3412 nos
1473 3350 1696 3411 omnia
1728 3350 2003 3430 fallunt,
2049 3371 2283 3413 revera
2322 3350 2585 3433 assidit,

517 3479 594 3534 ut
633 3445 788 3532 bina
824 3469 952 3531 ista
984 3466 1312 3549 dogmata,
1355 3470 1535 3532 inter
1565 3488 1637 3533 se
1671 3465 2113 3532 discordantia
2145 3483 2214 3531 et
2240 3478 2384 3532 toto
2417 3490 2582 3532 cae-

516 3592 585 3653 lo
617 3588 1027 3670 dissidentia,
1075 3612 1352 3676 quorum
1390 3588 1562 3654 illud
1595 3586 2159 3666 Particularismo,
2206 3610 2403 3678 quem
2444 3613 2583 3655 vo-

428 3795 431 3800 ,
523 3723 708 3789 cant,
751 3705 790 3773 J
797 3709 1024 3774 udaico
1065 3713 1354 3789 favebat,
1398 3710 1526 3772 hoc
1560 3729 1722 3772 vero
1759 3707 1970 3768 multo
2020 3708 2366 3773 sublimius
2390 3709 2581 3774 Mes-

520 3832 782 3913 siaque,
830 3851 1096 3894 omnem
1125 3842 1451 3893 terrarum
1494 3829 1721 3889 orbem
1759 3829 2073 3900 beatum,
2116 3830 2328 3892 multo
2360 3828 2581 3911 digni·
2659 3823 2666 3828 ’

521 3949 634 4027 ιιε,
708 3946 791 4011 ad
838 3947 1433 4013 Universalismum
1471 3947 1653 4009 viam
1704 3944 2070 4030 pandebat,
2144 3949 2464 4032 paulatim
2502 3943 2578 4010 in

522 4088 635 4131 ore
688 4066 1031 4129 doctorum
1089 4067 1162 4128 in
1205 4059 1414 4129 unum
1473 4066 1947 4145 coalescerent,
2013 4065 2446 4145 licetdogma
2491 4062 2573 4126 de

520 4187 768 4253 Messia
796 4189 1000 4251 heroe
1030 4180 1336 4266 Judaeis,
1379 4184 1541 4249 Jesu
1581 4186 1937 4251 servatoris
1983 4163 2197 4251 aetate
2242 4184 2383 4265 iugi
2425 4180 2589 4280 Ro-.

772 4469 799 4496 ‚s
