<?xml version="1.0" encoding="UTF-8"?>
<!DOCTYPE html PUBLIC "-//W3C//DTD XHTML 1.0 Transitional//EN"
    "http://www.w3.org/TR/xhtml1/DTD/xhtml1-transitional.dtd">
<html xmlns="http://www.w3.org/1999/xhtml" xml:lang="en" lang="en">
 <head>
  <title>
</title>
<meta http-equiv="Content-Type" content="text/html;charset=utf-8" />
  <meta name='ocr-system' content='tesseract 3.04.00' />
  <meta name='ocr-capabilities' content='ocr_page ocr_carea ocr_par ocr_line ocrx_word'/>
</head>
<body>
  <div class='ocr_page' id='page_1' title='image "./discussionumdec00friegoog_0041.png"; bbox 0 0 2978 5217; ppageno 0'>
   <div class='ocr_carea' id='block_1_1' title="bbox 979 446 1479 569">
    <p class='ocr_par' dir='ltr' id='par_1_1' title="bbox 979 446 1479 569">
     <span class='ocr_line' id='line_1_1' title="bbox 979 446 1479 569; baseline -0.008 -43"><span class='ocrx_word' id='word_1_1' title='bbox 979 487 1202 505; x_wconf 86' lang='lat'>----</span> <span class='ocrx_word' id='word_1_2' title='bbox 1305 446 1405 527; x_wconf 81' lang='lat'><strong>35</strong></span> <span class='ocrx_word' id='word_1_3' title='bbox 1474 565 1479 569; x_wconf 82' lang='lat'>.</span> 
     </span>
    </p>
   </div>
   <div class='ocr_carea' id='block_1_2' title="bbox 1509 489 1734 507">
    <p class='ocr_par' dir='ltr' id='par_1_2' title="bbox 1509 489 1734 507">
     <span class='ocr_line' id='line_1_2' title="bbox 1509 489 1734 507; baseline 0 4710"><span class='ocrx_word' id='word_1_4' title='bbox 1509 489 1734 507; x_wconf 95' lang='lat' dir='ltr'><strong> </strong></span> 
     </span>
    </p>
   </div>
   <div class='ocr_carea' id='block_1_3' title="bbox 311 617 2382 1433">
    <p class='ocr_par' dir='ltr' id='par_1_3' title="bbox 311 617 2382 1433">
     <span class='ocr_line' id='line_1_3' title="bbox 326 617 2382 707; baseline 0 -14"><span class='ocrx_word' id='word_1_5' title='bbox 326 627 510 693; x_wconf 84' lang='lat' dir='ltr'><strong>vidit.</strong></span> <span class='ocrx_word' id='word_1_6' title='bbox 599 624 739 689; x_wconf 86' lang='lat' dir='ltr'><strong>Ista</strong></span> <span class='ocrx_word' id='word_1_7' title='bbox 781 639 1039 706; x_wconf 87' lang='lat' dir='ltr'><strong>quoque</strong></span> <span class='ocrx_word' id='word_1_8' title='bbox 1071 630 1247 683; x_wconf 86' lang='lat' dir='ltr'><strong>terra</strong></span> <span class='ocrx_word' id='word_1_9' title='bbox 1291 617 1557 685; x_wconf 86' lang='lat' dir='ltr'><strong>Canaan</strong></span> <span class='ocrx_word' id='word_1_10' title='bbox 1602 623 1924 707; x_wconf 72' lang='lat' dir='ltr'><strong>protulit,</strong></span> <span class='ocrx_word' id='word_1_11' title='bbox 1988 630 2161 693; x_wconf 83' lang='lat' dir='ltr'><strong>fovit</strong></span> <span class='ocrx_word' id='word_1_12' title='bbox 2211 638 2382 702; x_wconf 79' lang='lat' dir='ltr'><strong>scri..</strong></span> 
     </span>
     <span class='ocr_line' id='line_1_4' title="bbox 318 716 2382 832; baseline 0.004 -27"><span class='ocrx_word' id='word_1_13' title='bbox 318 761 640 832; x_wconf 83' lang='lat' dir='ltr'><strong>ptumque</strong></span> <span class='ocrx_word' id='word_1_14' title='bbox 671 741 963 824; x_wconf 88' lang='lat' dir='ltr'><strong>reliquit,</strong></span> <span class='ocrx_word' id='word_1_15' title='bbox 1008 737 1319 823; x_wconf 85' lang='lat' dir='ltr'><strong>quicquid</strong></span> <span class='ocrx_word' id='word_1_16' title='bbox 1342 716 1545 803; x_wconf 89' lang='lat' dir='ltr'><strong>hodie</strong></span> <span class='ocrx_word' id='word_1_17' title='bbox 1583 740 1663 802; x_wconf 89' lang='lat' dir='ltr'><strong>de</strong></span> <span class='ocrx_word' id='word_1_18' title='bbox 1688 745 1884 805; x_wconf 88' lang='lat' dir='ltr'><strong>rebus</strong></span> <span class='ocrx_word' id='word_1_19' title='bbox 1914 743 2163 812; x_wconf 74' lang='lat' dir='ltr'><strong>divinis</strong></span> <span class='ocrx_word' id='word_1_20' title='bbox 2193 760 2382 820; x_wconf 89' lang='lat' dir='ltr'><strong>mul..</strong></span> 
     </span>
     <span class='ocr_line' id='line_1_5' title="bbox 318 860 2374 944; baseline 0.001 -16"><span class='ocrx_word' id='word_1_21' title='bbox 318 879 392 928; x_wconf 89' lang='lat' dir='ltr'><strong>to</strong></span> <span class='ocrx_word' id='word_1_22' title='bbox 422 863 663 927; x_wconf 89' lang='lat' dir='ltr'><strong>melius</strong></span> <span class='ocrx_word' id='word_1_23' title='bbox 691 864 1003 922; x_wconf 81' lang='lat' dir='ltr'><strong>novimus</strong></span> <span class='ocrx_word' id='word_1_24' title='bbox 1029 907 1044 937; x_wconf 93' lang='lat'><strong>,</strong></span> <span class='ocrx_word' id='word_1_25' title='bbox 1094 879 1292 944; x_wconf 86' lang='lat' dir='ltr'><strong>quam</strong></span> <span class='ocrx_word' id='word_1_26' title='bbox 1334 860 1809 943; x_wconf 80' lang='lat' dir='ltr'><strong>sapientissimi</strong></span> <span class='ocrx_word' id='word_1_27' title='bbox 1838 877 2141 932; x_wconf 79' lang='lat' dir='ltr'><strong>veterum</strong></span> <span class='ocrx_word' id='word_1_28' title='bbox 2161 870 2374 939; x_wconf 64' lang='lat' dir='ltr'><strong>Grae-</strong></span> 
     </span>
     <span class='ocr_line' id='line_1_6' title="bbox 323 956 2372 1076; baseline 0.003 -31"><span class='ocrx_word' id='word_1_29' title='bbox 323 1003 548 1073; x_wconf 86' lang='lat' dir='ltr'><strong>corum</strong></span> <span class='ocrx_word' id='word_1_30' title='bbox 589 992 654 1042; x_wconf 90' lang='lat' dir='ltr'><strong>et</strong></span> <span class='ocrx_word' id='word_1_31' title='bbox 698 977 1148 1042; x_wconf 85' lang='lat' dir='ltr'><strong>Romanorum</strong></span> <span class='ocrx_word' id='word_1_32' title='bbox 1195 956 1560 1063; x_wconf 86' lang='lat' dir='ltr'><strong>omnesque</strong></span> <span class='ocrx_word' id='word_1_33' title='bbox 1603 980 1719 1041; x_wconf 91' lang='lat' dir='ltr'><strong>alii</strong></span> <span class='ocrx_word' id='word_1_34' title='bbox 1759 992 2082 1050; x_wconf 86' lang='lat' dir='ltr'><strong>terrarum</strong></span> <span class='ocrx_word' id='word_1_35' title='bbox 2120 997 2372 1076; x_wconf 81' lang='lat' dir='ltr'><strong>populi,</strong></span> 
     </span>
     <span class='ocr_line' id='line_1_7' title="bbox 318 1096 2374 1193; baseline 0.006 -34"><span class='ocrx_word' id='word_1_36' title='bbox 318 1101 489 1171; x_wconf 81' lang='lat' dir='ltr'><strong>Nam</strong></span> <span class='ocrx_word' id='word_1_37' title='bbox 534 1101 692 1161; x_wconf 89' lang='lat' dir='ltr'><strong>licet</strong></span> <span class='ocrx_word' id='word_1_38' title='bbox 732 1096 1111 1161; x_wconf 82' lang='lat' dir='ltr'><strong>idololatria</strong></span> <span class='ocrx_word' id='word_1_39' title='bbox 1158 1096 1445 1158; x_wconf 79' lang='lat' dir='ltr'><strong>multum</strong></span> <span class='ocrx_word' id='word_1_40' title='bbox 1485 1118 1559 1159; x_wconf 87' lang='lat' dir='ltr'><strong>ac</strong></span> <span class='ocrx_word' id='word_1_41' title='bbox 1612 1117 1811 1183; x_wconf 86' lang='lat' dir='ltr'><strong>saepe</strong></span> <span class='ocrx_word' id='word_1_42' title='bbox 1881 1115 2034 1164; x_wconf 89' lang='lat' dir='ltr'><strong>ante</strong></span> <span class='ocrx_word' id='word_1_43' title='bbox 2073 1117 2374 1193; x_wconf 77' lang='lat' dir='ltr'><strong>tempora</strong></span> 
     </span>
     <span class='ocr_line' id='line_1_8' title="bbox 316 1205 2373 1302; baseline 0.007 -22"><span class='ocrx_word' id='word_1_44' title='bbox 316 1205 791 1302; x_wconf 82' lang='lat' dir='ltr'><strong>deportationis</strong></span> <span class='ocrx_word' id='word_1_45' title='bbox 838 1218 911 1279; x_wconf 88' lang='lat' dir='ltr'><strong>in</strong></span> <span class='ocrx_word' id='word_1_46' title='bbox 953 1215 1304 1296; x_wconf 78' lang='lat' dir='ltr'><strong>Assyriam</strong></span> <span class='ocrx_word' id='word_1_47' title='bbox 1361 1227 1428 1277; x_wconf 90' lang='lat' dir='ltr'><strong>et</strong></span> <span class='ocrx_word' id='word_1_48' title='bbox 1495 1213 1931 1297; x_wconf 78' lang='lat' dir='ltr'><strong>Babyloniam</strong></span> <span class='ocrx_word' id='word_1_49' title='bbox 1973 1215 2373 1294; x_wconf 77' lang='lat' dir='ltr'><strong>invaluerit:</strong></span> 
     </span>
     <span class='ocr_line' id='line_1_9' title="bbox 311 1333 2371 1433; baseline 0.006 -34"><span class='ocrx_word' id='word_1_50' title='bbox 311 1336 741 1408; x_wconf 82' lang='lat' dir='ltr'>nihilosecius</span> <span class='ocrx_word' id='word_1_51' title='bbox 803 1333 1194 1397; x_wconf 81' lang='lat' dir='ltr'><strong>Mosaismus</strong></span> <span class='ocrx_word' id='word_1_52' title='bbox 1272 1355 1639 1419; x_wconf 85' lang='lat' dir='ltr'><strong>numquam</strong></span> <span class='ocrx_word' id='word_1_53' title='bbox 1700 1339 1898 1421; x_wconf 87' lang='lat' dir='ltr'><strong>plane</strong></span> <span class='ocrx_word' id='word_1_54' title='bbox 1970 1363 2371 1433; x_wconf 77' lang='lat' dir='ltr'>prorsusque</span> 
     </span>
    </p>
   </div>
   <div class='ocr_carea' id='block_1_4' title="bbox 202 1451 2369 1540">
    <p class='ocr_par' dir='ltr' id='par_1_4' title="bbox 202 1451 2369 1540">
     <span class='ocr_line' id='line_1_10' title="bbox 202 1451 2369 1540; baseline 0.009 -29"><span class='ocrx_word' id='word_1_55' title='bbox 202 1506 203 1511; x_wconf 73' lang='grc'>,</span> <span class='ocrx_word' id='word_1_56' title='bbox 309 1476 524 1540; x_wconf 86' lang='lat' dir='ltr'><strong>neque</strong></span> <span class='ocrx_word' id='word_1_57' title='bbox 579 1455 669 1516; x_wconf 10' lang='lat' dir='ltr'><strong>ins</strong></span> <span class='ocrx_word' id='word_1_58' title='bbox 702 1451 994 1530; x_wconf 86' lang='lat' dir='ltr'><strong>Judaea,</strong></span> <span class='ocrx_word' id='word_1_59' title='bbox 1060 1472 1276 1536; x_wconf 88' lang='lat' dir='ltr'><strong>neque</strong></span> <span class='ocrx_word' id='word_1_60' title='bbox 1353 1453 1427 1513; x_wconf 88' lang='lat' dir='ltr'><strong>in</strong></span> <span class='ocrx_word' id='word_1_61' title='bbox 1480 1451 1777 1516; x_wconf 81' lang='lat' dir='ltr'><strong>Samaria</strong></span> <span class='ocrx_word' id='word_1_62' title='bbox 1823 1460 2188 1525; x_wconf 80' lang='lat' dir='ltr'><strong>exstinctus</strong></span> <span class='ocrx_word' id='word_1_63' title='bbox 2247 1481 2369 1532; x_wconf 85' lang='lat' dir='ltr'><strong>est.</strong></span> 
     </span>
    </p>
   </div>
   <div class='ocr_carea' id='block_1_5' title="bbox 289 1560 2460 3899">
    <p class='ocr_par' dir='ltr' id='par_1_5' title="bbox 302 1560 2374 2243">
     <span class='ocr_line' id='line_1_11' title="bbox 302 1560 2373 1656; baseline 0 -20"><span class='ocrx_word' id='word_1_64' title='bbox 302 1560 467 1636; x_wconf 80' lang='lat' dir='ltr'><strong>I‘ost</strong></span> <span class='ocrx_word' id='word_1_65' title='bbox 510 1568 989 1656; x_wconf 73' lang='lat' dir='ltr'><strong>deportationis</strong></span> <span class='ocrx_word' id='word_1_66' title='bbox 1043 1568 1493 1647; x_wconf 83' lang='lat' dir='ltr'><strong>Babylonicae</strong></span> <span class='ocrx_word' id='word_1_67' title='bbox 1547 1580 1850 1651; x_wconf 87' lang='lat' dir='ltr'><strong>tempora</strong></span> <span class='ocrx_word' id='word_1_68' title='bbox 1892 1575 2125 1653; x_wconf 86' lang='lat' dir='ltr'><strong>religio</strong></span> <span class='ocrx_word' id='word_1_69' title='bbox 2168 1579 2373 1646; x_wconf 75' lang='lat' dir='ltr'><strong>Musis</strong></span> 
     </span>
     <span class='ocr_line' id='line_1_12' title="bbox 309 1666 2374 1769; baseline 0.005 -16"><span class='ocrx_word' id='word_1_70' title='bbox 309 1690 477 1754; x_wconf 65' lang='lat' dir='ltr'><strong>&#39;vicit</strong></span> <span class='ocrx_word' id='word_1_71' title='bbox 515 1701 582 1750; x_wconf 90' lang='lat' dir='ltr'><strong>et</strong></span> <span class='ocrx_word' id='word_1_72' title='bbox 622 1666 787 1749; x_wconf 37' lang='lat' dir='ltr'><strong>sola·</strong></span> <span class='ocrx_word' id='word_1_73' title='bbox 814 1689 887 1749; x_wconf 89' lang='lat' dir='ltr'><strong>in</strong></span> <span class='ocrx_word' id='word_1_74' title='bbox 929 1683 1182 1748; x_wconf 81' lang='lat' dir='ltr'><strong>Judaea</strong></span> <span class='ocrx_word' id='word_1_75' title='bbox 1225 1683 1487 1746; x_wconf 83' lang='lat' dir='ltr'><strong>floruit:</strong></span> <span class='ocrx_word' id='word_1_76' title='bbox 1544 1686 1926 1769; x_wconf 71' lang='lat' dir='ltr'><strong>superstitio</strong></span> <span class='ocrx_word' id='word_1_77' title='bbox 1952 1689 2374 1763; x_wconf 83' lang='lat' dir='ltr'><strong>idololatriae</strong></span> 
     </span>
     <span class='ocr_line' id='line_1_13' title="bbox 310 1803 2372 1890; baseline 0.001 -21"><span class='ocrx_word' id='word_1_78' title='bbox 310 1810 424 1870; x_wconf 83' lang='lat' dir='ltr'><strong>vel</strong></span> <span class='ocrx_word' id='word_1_79' title='bbox 478 1808 551 1868; x_wconf 89' lang='lat' dir='ltr'><strong>in</strong></span> <span class='ocrx_word' id='word_1_80' title='bbox 595 1805 892 1868; x_wconf 82' lang='lat' dir='ltr'><strong>Samaria</strong></span> <span class='ocrx_word' id='word_1_81' title='bbox 946 1824 1082 1869; x_wconf 88' lang='lat' dir='ltr'><strong>non</strong></span> <span class='ocrx_word' id='word_1_82' title='bbox 1119 1803 1214 1865; x_wconf 85' lang='lat' dir='ltr'><strong>ita</strong></span> <span class='ocrx_word' id='word_1_83' title='bbox 1268 1804 1481 1865; x_wconf 85' lang='lat' dir='ltr'><strong>multo</strong></span> <span class='ocrx_word' id='word_1_84' title='bbox 1519 1817 1673 1888; x_wconf 87' lang='lat' dir='ltr'><strong>post</strong></span> <span class='ocrx_word' id='word_1_85' title='bbox 1716 1803 2058 1890; x_wconf 84' lang='lat' dir='ltr'><strong>disparuit.</strong></span> <span class='ocrx_word' id='word_1_86' title='bbox 2158 1814 2372 1883; x_wconf 81' lang='lat' dir='ltr'><strong>Nemo</strong></span> 
     </span>
     <span class='ocr_line' id='line_1_14' title="bbox 305 1900 2367 2017; baseline 0.006 -31"><span class='ocrx_word' id='word_1_87' title='bbox 305 1930 529 1988; x_wconf 79' lang='lat' dir='ltr'><strong>autem</strong></span> <span class='ocrx_word' id='word_1_88' title='bbox 557 1926 685 1987; x_wconf 88' lang='lat' dir='ltr'><strong>ibit</strong></span> <span class='ocrx_word' id='word_1_89' title='bbox 709 1924 965 1986; x_wconf 87' lang='lat' dir='ltr'><strong>inficias</strong></span> <span class='ocrx_word' id='word_1_90' title='bbox 985 1971 1002 2001; x_wconf 89' lang='lat'><strong>,</strong></span> <span class='ocrx_word' id='word_1_91' title='bbox 1045 1920 1086 1984; x_wconf 85' lang='lat' dir='ltr'><strong>J</strong></span> <span class='ocrx_word' id='word_1_92' title='bbox 1089 1940 1273 1985; x_wconf 85' lang='lat' dir='ltr'><strong>esum</strong></span> <span class='ocrx_word' id='word_1_93' title='bbox 1299 1925 1633 1986; x_wconf 86' lang='lat' dir='ltr'><strong>incassum</strong></span> <span class='ocrx_word' id='word_1_94' title='bbox 1658 1900 2108 1992; x_wconf 80' lang='lat' dir='ltr'><strong>laboraturum</strong></span> <span class='ocrx_word' id='word_1_95' title='bbox 2137 1935 2367 2017; x_wconf 79' lang='lat' dir='ltr'><strong>fuisse,</strong></span> 
     </span>
     <span class='ocr_line' id='line_1_15' title="bbox 304 2040 2368 2121; baseline 0.005 -16"><span class='ocrx_word' id='word_1_96' title='bbox 304 2046 436 2106; x_wconf 86' lang='lat' dir='ltr'><strong>nisi</strong></span> <span class='ocrx_word' id='word_1_97' title='bbox 480 2045 554 2105; x_wconf 90' lang='lat' dir='ltr'><strong>in</strong></span> <span class='ocrx_word' id='word_1_98' title='bbox 594 2041 969 2106; x_wconf 86' lang='lat' dir='ltr'><strong>Palaestina</strong></span> <span class='ocrx_word' id='word_1_99' title='bbox 1005 2041 1286 2105; x_wconf 80' lang='lat' dir='ltr'><strong>vixisset</strong></span> <span class='ocrx_word' id='word_1_100' title='bbox 1333 2054 1402 2104; x_wconf 91' lang='lat' dir='ltr'><strong>et</strong></span> <span class='ocrx_word' id='word_1_101' title='bbox 1437 2040 1836 2121; x_wconf 82' lang='lat' dir='ltr'><strong>Mosaismus</strong></span> <span class='ocrx_word' id='word_1_102' title='bbox 1888 2045 1965 2107; x_wconf 85' lang='lat' dir='ltr'><strong>in</strong></span> <span class='ocrx_word' id='word_1_103' title='bbox 2004 2047 2130 2111; x_wconf 86' lang='lat' dir='ltr'><strong>hac</strong></span> <span class='ocrx_word' id='word_1_104' title='bbox 2186 2063 2368 2118; x_wconf 87' lang='lat' dir='ltr'><strong>terra</strong></span> 
     </span>
     <span class='ocr_line' id='line_1_16' title="bbox 303 2163 820 2243; baseline 0.008 -20"><span class='ocrx_word' id='word_1_105' title='bbox 303 2183 444 2225; x_wconf 87' lang='lat' dir='ltr'><strong>non</strong></span> <span class='ocrx_word' id='word_1_106' title='bbox 481 2163 820 2243; x_wconf 78' lang='lat' dir='ltr'><strong>viguisset.</strong></span> 
     </span>
    </p>

    <p class='ocr_par' dir='ltr' id='par_1_6' title="bbox 289 2279 2460 3899">
     <span class='ocr_line' id='line_1_17' title="bbox 364 2279 2460 2369; baseline 0.006 -30"><span class='ocrx_word' id='word_1_107' title='bbox 364 2334 371 2339; x_wconf 85' lang='lat'>.</span> <span class='ocrx_word' id='word_1_108' title='bbox 468 2279 785 2360; x_wconf 79' lang='lat' dir='ltr'><strong>Accedit,</strong></span> <span class='ocrx_word' id='word_1_109' title='bbox 831 2279 1008 2365; x_wconf 86' lang='lat' dir='ltr'><strong>quod</strong></span> <span class='ocrx_word' id='word_1_110' title='bbox 1037 2279 1360 2357; x_wconf 86' lang='lat' dir='ltr'><strong>Hebraei,</strong></span> <span class='ocrx_word' id='word_1_111' title='bbox 1434 2281 1829 2365; x_wconf 84' lang='lat' dir='ltr'><strong>semetipsos</strong></span> <span class='ocrx_word' id='word_1_112' title='bbox 1872 2306 1911 2345; x_wconf 86' lang='lat' dir='ltr'><strong>a</strong></span> <span class='ocrx_word' id='word_1_113' title='bbox 1950 2285 2094 2348; x_wconf 85' lang='lat' dir='ltr'><strong>Deo</strong></span> <span class='ocrx_word' id='word_1_114' title='bbox 2138 2293 2369 2352; x_wconf 82' lang='lat' dir='ltr'><strong>omni-</strong></span> <span class='ocrx_word' id='word_1_115' title='bbox 2459 2366 2460 2369; x_wconf 8' lang='grc' dir='ltr'><strong>Ἴ</strong></span> 
     </span>
     <span class='ocr_line' id='line_1_18' title="bbox 298 2384 2369 2493; baseline 0.003 -34"><span class='ocrx_word' id='word_1_116' title='bbox 298 2403 423 2463; x_wconf 83' lang='lat' dir='ltr'><strong>bus</strong></span> <span class='ocrx_word' id='word_1_117' title='bbox 457 2409 783 2460; x_wconf 83' lang='lat' dir='ltr'><strong>terrarum·</strong></span> <span class='ocrx_word' id='word_1_118' title='bbox 825 2401 1128 2476; x_wconf 78' lang='lat' dir='ltr'><strong>gentibus</strong></span> <span class='ocrx_word' id='word_1_119' title='bbox 1170 2400 1503 2480; x_wconf 83' lang='lat' dir='ltr'><strong>praelatos</strong></span> <span class='ocrx_word' id='word_1_120' title='bbox 1541 2384 2000 2462; x_wconf 83' lang='lat' dir='ltr'><strong>existimantes</strong></span> <span class='ocrx_word' id='word_1_121' title='bbox 2035 2405 2090 2484; x_wconf 86' lang='lat'><strong>¹)</strong></span> <span class='ocrx_word' id='word_1_122' title='bbox 2150 2425 2369 2493; x_wconf 85' lang='lat' dir='ltr'><strong>neque</strong></span> 
     </span>
     <span class='ocr_line' id='line_1_19' title="bbox 304 2510 2368 2601; baseline 0.004 -21"><span class='ocrx_word' id='word_1_123' title='bbox 304 2529 495 2594; x_wconf 82' lang='lat' dir='ltr'><strong>ante,</strong></span> <span class='ocrx_word' id='word_1_124' title='bbox 544 2534 758 2600; x_wconf 91' lang='lat' dir='ltr'><strong>neque</strong></span> <span class='ocrx_word' id='word_1_125' title='bbox 782 2527 935 2601; x_wconf 89' lang='lat' dir='ltr'><strong>post</strong></span> <span class='ocrx_word' id='word_1_126' title='bbox 962 2511 1383 2576; x_wconf 84' lang='lat' dir='ltr'><strong>Chaldaicam</strong></span> <span class='ocrx_word' id='word_1_127' title='bbox 1417 2511 1944 2598; x_wconf 81' lang='lat' dir='ltr'><strong>deportationem</strong></span> <span class='ocrx_word' id='word_1_128' title='bbox 1986 2510 2192 2586; x_wconf 72' lang='lat' dir='ltr'><strong>ullam</strong></span> <span class='ocrx_word' id='word_1_129' title='bbox 2234 2547 2368 2587; x_wconf 79' lang='lat' dir='ltr'><strong>na·-</strong></span> 
     </span>
     <span class='ocr_line' id='line_1_20' title="bbox 299 2632 2370 2727; baseline 0.006 -31"><span class='ocrx_word' id='word_1_130' title='bbox 299 2637 556 2698; x_wconf 89' lang='lat' dir='ltr'><strong>tionem</strong></span> <span class='ocrx_word' id='word_1_131' title='bbox 592 2636 962 2720; x_wconf 84' lang='lat' dir='ltr'><strong>praeceptis</strong></span> <span class='ocrx_word' id='word_1_132' title='bbox 1001 2632 1326 2727; x_wconf 80' lang='lat' dir='ltr'><strong>Mosaicae</strong></span> <span class='ocrx_word' id='word_1_133' title='bbox 1377 2634 1721 2713; x_wconf 86' lang='lat' dir='ltr'><strong>religionis</strong></span> <span class='ocrx_word' id='word_1_134' title='bbox 1773 2636 2073 2704; x_wconf 86' lang='lat' dir='ltr'><strong>imbuere</strong></span> <span class='ocrx_word' id='word_1_135' title='bbox 2113 2643 2370 2725; x_wconf 84' lang='lat' dir='ltr'><strong>dignati·</strong></span> 
     </span>
     <span class='ocr_line' id='line_1_21' title="bbox 295 2752 2363 2846; baseline 0.006 -31"><span class='ocrx_word' id='word_1_136' title='bbox 295 2766 472 2832; x_wconf 82' lang='lat' dir='ltr'><strong>sunt,</strong></span> <span class='ocrx_word' id='word_1_137' title='bbox 520 2774 735 2839; x_wconf 87' lang='lat' dir='ltr'><strong>neque</strong></span> <span class='ocrx_word' id='word_1_138' title='bbox 767 2772 973 2833; x_wconf 85' lang='lat' dir='ltr'><strong>genus</strong></span> <span class='ocrx_word' id='word_1_139' title='bbox 1023 2762 1090 2813; x_wconf 92' lang='lat' dir='ltr'><strong>et</strong></span> <span class='ocrx_word' id='word_1_140' title='bbox 1122 2764 1341 2814; x_wconf 85' lang='lat' dir='ltr'><strong>ortum</strong></span> <span class='ocrx_word' id='word_1_141' title='bbox 1386 2755 1465 2817; x_wconf 86' lang='lat' dir='ltr'><strong>ab</strong></span> <span class='ocrx_word' id='word_1_142' title='bbox 1514 2752 1901 2820; x_wconf 86' lang='lat' dir='ltr'><strong>Abrahamo</strong></span> <span class='ocrx_word' id='word_1_143' title='bbox 1953 2771 2363 2846; x_wconf 45' lang='lat' dir='ltr'><strong>repetente&amp;</strong></span> 
     </span>
     <span class='ocr_line' id='line_1_22' title="bbox 293 2868 2364 2955; baseline 0.002 -21"><span class='ocrx_word' id='word_1_144' title='bbox 293 2877 547 2934; x_wconf 84' lang='lat' dir='ltr'><strong>ceteros</strong></span> <span class='ocrx_word' id='word_1_145' title='bbox 587 2875 890 2955; x_wconf 77' lang='lat' dir='ltr'><strong>populoS,</strong></span> <span class='ocrx_word' id='word_1_146' title='bbox 938 2872 1067 2933; x_wconf 88' lang='lat' dir='ltr'><strong>hoc</strong></span> <span class='ocrx_word' id='word_1_147' title='bbox 1097 2868 1443 2933; x_wconf 86' lang='lat' dir='ltr'><strong>commodo</strong></span> <span class='ocrx_word' id='word_1_148' title='bbox 1478 2868 1851 2952; x_wconf 83' lang='lat' dir='ltr'><strong>destitutos,</strong></span> <span class='ocrx_word' id='word_1_149' title='bbox 1897 2877 2196 2943; x_wconf 87' lang='lat' dir='ltr'><strong>imbuere</strong></span> <span class='ocrx_word' id='word_1_150' title='bbox 2226 2903 2364 2944; x_wconf 68' lang='lat' dir='ltr'><strong>vo.-</strong></span> 
     </span>
     <span class='ocr_line' id='line_1_23' title="bbox 292 2986 2366 3071; baseline -0.003 -19"><span class='ocrx_word' id='word_1_151' title='bbox 292 2993 587 3052; x_wconf 87' lang='lat' dir='ltr'><strong>luerunt.</strong></span> <span class='ocrx_word' id='word_1_152' title='bbox 674 2988 921 3049; x_wconf 84' lang='lat' dir='ltr'><strong>Psalmi</strong></span> <span class='ocrx_word' id='word_1_153' title='bbox 951 2986 1220 3069; x_wconf 86' lang='lat' dir='ltr'><strong>quidem</strong></span> <span class='ocrx_word' id='word_1_154' title='bbox 1260 2987 1418 3046; x_wconf 90' lang='lat' dir='ltr'><strong>hinc</strong></span> <span class='ocrx_word' id='word_1_155' title='bbox 1443 2986 1606 3052; x_wconf 75' lang='lat' dir='ltr'><strong>inde&lt;</strong></span> <span class='ocrx_word' id='word_1_156' title='bbox 1636 2987 1722 3066; x_wconf 86' lang='lat'><strong>²),</strong></span> <span class='ocrx_word' id='word_1_157' title='bbox 1782 2992 2123 3071; x_wconf 85' lang='lat' dir='ltr'><strong>multaque</strong></span> <span class='ocrx_word' id='word_1_158' title='bbox 2150 2995 2222 3052; x_wconf 84' lang='lat' dir='ltr'><strong>in</strong></span> <span class='ocrx_word' id='word_1_159' title='bbox 2267 2997 2366 3055; x_wconf 85' lang='lat' dir='ltr'><strong>li...</strong></span> 
     </span>
     <span class='ocr_line' id='line_1_24' title="bbox 294 3097 2364 3194; baseline 0.003 -26"><span class='ocrx_word' id='word_1_160' title='bbox 294 3109 434 3173; x_wconf 86' lang='lat' dir='ltr'><strong>bris</strong></span> <span class='ocrx_word' id='word_1_161' title='bbox 472 3105 878 3194; x_wconf 88' lang='lat' dir='ltr'><strong>propheticis</strong></span> <span class='ocrx_word' id='word_1_162' title='bbox 926 3106 1070 3165; x_wconf 85' lang='lat' dir='ltr'><strong>loca</strong></span> <span class='ocrx_word' id='word_1_163' title='bbox 1113 3099 1192 3161; x_wconf 87' lang='lat' dir='ltr'><strong>de</strong></span> <span class='ocrx_word' id='word_1_164' title='bbox 1254 3100 1432 3161; x_wconf 83' lang='lat' dir='ltr'><strong>cultu</strong></span> <span class='ocrx_word' id='word_1_165' title='bbox 1488 3097 1821 3182; x_wconf 80' lang='lat' dir='ltr'><strong>Jehovae‚</strong></span> <span class='ocrx_word' id='word_1_166' title='bbox 1885 3106 1964 3166; x_wconf 91' lang='lat' dir='ltr'><strong>ab</strong></span> <span class='ocrx_word' id='word_1_167' title='bbox 2027 3113 2364 3180; x_wconf 85' lang='lat' dir='ltr'><strong>extraneis</strong></span> 
     </span>
     <span class='ocr_line' id='line_1_25' title="bbox 290 3216 2360 3311; baseline 0.002 -22"><span class='ocrx_word' id='word_1_168' title='bbox 290 3221 759 3311; x_wconf 88' lang='lat' dir='ltr'><strong>amplectendo</strong></span> <span class='ocrx_word' id='word_1_169' title='bbox 809 3224 1214 3305; x_wconf 61' lang='lat' dir='ltr'><strong>loquuntur?</strong></span> <span class='ocrx_word' id='word_1_170' title='bbox 1277 3216 1394 3281; x_wconf 88' lang='lat' dir='ltr'><strong>sed</strong></span> <span class='ocrx_word' id='word_1_171' title='bbox 1438 3221 1557 3282; x_wconf 88' lang='lat' dir='ltr'><strong>ubi</strong></span> <span class='ocrx_word' id='word_1_172' title='bbox 1598 3221 1764 3284; x_wconf 86' lang='lat' dir='ltr'><strong>haec</strong></span> <span class='ocrx_word' id='word_1_173' title='bbox 1805 3223 2004 3284; x_wconf 85' lang='lat' dir='ltr'><strong>effata</strong></span> <span class='ocrx_word' id='word_1_174' title='bbox 2060 3242 2360 3293; x_wconf 86' lang='lat' dir='ltr'><strong>accurate</strong></span> 
     </span>
     <span class='ocr_line' id='line_1_26' title="bbox 289 3336 2359 3430; baseline 0.002 -23"><span class='ocrx_word' id='word_1_175' title='bbox 289 3343 699 3430; x_wconf 84' lang='lat' dir='ltr'><strong>inspexeris,</strong></span> <span class='ocrx_word' id='word_1_176' title='bbox 747 3339 1103 3417; x_wconf 81' lang='lat' dir='ltr'><strong>constabit,</strong></span> <span class='ocrx_word' id='word_1_177' title='bbox 1163 3338 1276 3400; x_wconf 82' lang='lat' dir='ltr'><strong>vel</strong></span> <span class='ocrx_word' id='word_1_178' title='bbox 1305 3336 1387 3426; x_wconf 87' lang='lat' dir='ltr'><strong>de</strong></span> <span class='ocrx_word' id='word_1_179' title='bbox 1425 3336 1781 3420; x_wconf 89' lang='lat' dir='ltr'><strong>Hebraeis,</strong></span> <span class='ocrx_word' id='word_1_180' title='bbox 1845 3362 1962 3406; x_wconf 88' lang='lat' dir='ltr'><strong>seu</strong></span> <span class='ocrx_word' id='word_1_181' title='bbox 2007 3346 2230 3427; x_wconf 88' lang='lat' dir='ltr'><strong>potius</strong></span> <span class='ocrx_word' id='word_1_182' title='bbox 2276 3345 2359 3413; x_wconf 88' lang='lat' dir='ltr'><strong>de</strong></span> 
     </span>
     <span class='ocr_line' id='line_1_27' title="bbox 291 3453 2354 3547; baseline 0.002 -23"><span class='ocrx_word' id='word_1_183' title='bbox 291 3457 563 3524; x_wconf 82' lang='lat' dir='ltr'><strong>Judaeis</strong></span> <span class='ocrx_word' id='word_1_184' title='bbox 596 3473 747 3546; x_wconf 90' lang='lat' dir='ltr'><strong>post</strong></span> <span class='ocrx_word' id='word_1_185' title='bbox 777 3456 1116 3522; x_wconf 85' lang='lat' dir='ltr'><strong>excidium</strong></span> <span class='ocrx_word' id='word_1_186' title='bbox 1147 3453 1827 3535; x_wconf 87' lang='lat' dir='ltr'><strong>Hierosolymitanum</strong></span> <span class='ocrx_word' id='word_1_187' title='bbox 1856 3462 1931 3521; x_wconf 89' lang='lat' dir='ltr'><strong>in</strong></span> <span class='ocrx_word' id='word_1_188' title='bbox 1962 3458 2354 3547; x_wconf 87' lang='lat' dir='ltr'><strong>Babylonia,</strong></span> 
     </span>
     <span class='ocr_line' id='line_1_28' title="bbox 290 3573 2360 3663; baseline 0.001 -20"><span class='ocrx_word' id='word_1_189' title='bbox 290 3578 542 3656; x_wconf 81' lang='lat' dir='ltr'><strong>Persia,</strong></span> <span class='ocrx_word' id='word_1_190' title='bbox 587 3578 915 3663; x_wconf 85' lang='lat' dir='ltr'><strong>Aegypto,</strong></span> <span class='ocrx_word' id='word_1_191' title='bbox 960 3573 1327 3658; x_wconf 87' lang='lat' dir='ltr'><strong>Aethiopia</strong></span> <span class='ocrx_word' id='word_1_192' title='bbox 1371 3574 1650 3660; x_wconf 87' lang='lat' dir='ltr'><strong>aliisque</strong></span> <span class='ocrx_word' id='word_1_193' title='bbox 1692 3579 1768 3640; x_wconf 89' lang='lat' dir='ltr'><strong>in</strong></span> <span class='ocrx_word' id='word_1_194' title='bbox 1807 3578 2003 3641; x_wconf 86' lang='lat' dir='ltr'><strong>terris</strong></span> <span class='ocrx_word' id='word_1_195' title='bbox 2052 3580 2360 3645; x_wconf 68' lang='lat' dir='ltr'><strong>viventi«-</strong></span> 
     </span>
     <span class='ocr_line' id='line_1_29' title="bbox 295 3692 2357 3785; baseline 0 -23"><span class='ocrx_word' id='word_1_196' title='bbox 295 3701 422 3762; x_wconf 90' lang='lat' dir='ltr'><strong>bus</strong></span> <span class='ocrx_word' id='word_1_197' title='bbox 460 3717 532 3758; x_wconf 90' lang='lat' dir='ltr'><strong>ac</strong></span> <span class='ocrx_word' id='word_1_198' title='bbox 562 3693 909 3783; x_wconf 87' lang='lat' dir='ltr'><strong>dispersis,</strong></span> <span class='ocrx_word' id='word_1_199' title='bbox 956 3714 1342 3769; x_wconf 48' lang='lat' dir='ltr'><strong>sermonem,</strong></span> <span class='ocrx_word' id='word_1_200' title='bbox 1375 3711 1521 3754; x_wconf 88' lang='lat' dir='ltr'><strong>esse</strong></span> <span class='ocrx_word' id='word_1_201' title='bbox 1565 3692 1778 3779; x_wconf 85' lang='lat' dir='ltr'><strong>deque</strong></span> <span class='ocrx_word' id='word_1_202' title='bbox 1822 3696 1928 3758; x_wconf 85' lang='lat' dir='ltr'><strong>his</strong></span> <span class='ocrx_word' id='word_1_203' title='bbox 1973 3696 2143 3775; x_wconf 81' lang='lat' dir='ltr'><strong>cani,</strong></span> <span class='ocrx_word' id='word_1_204' title='bbox 2189 3701 2357 3785; x_wconf 84' lang='lat' dir='ltr'><strong>fore,</strong></span> 
     </span>
     <span class='ocr_line' id='line_1_30' title="bbox 294 3785 2356 3899; baseline 0.002 -22"><span class='ocrx_word' id='word_1_205' title='bbox 294 3828 377 3877; x_wconf 88' lang='lat' dir='ltr'><strong>ut</strong></span> <span class='ocrx_word' id='word_1_206' title='bbox 413 3785 740 3877; x_wconf 84' lang='lat' dir='ltr'><strong>festorum</strong></span> <span class='ocrx_word' id='word_1_207' title='bbox 782 3807 1321 3882; x_wconf 85' lang='lat' dir='ltr'><strong>celebrandorum</strong></span> <span class='ocrx_word' id='word_1_208' title='bbox 1361 3830 1557 3877; x_wconf 85' lang='lat' dir='ltr'><strong>causa</strong></span> <span class='ocrx_word' id='word_1_209' title='bbox 1594 3811 2127 3899; x_wconf 82' lang='lat' dir='ltr'><strong>Hierosolymam</strong></span> <span class='ocrx_word' id='word_1_210' title='bbox 2188 3839 2356 3882; x_wconf 87' lang='lat' dir='ltr'><strong>con-</strong></span> 
     </span>
    </p>
   </div>
   <div class='ocr_carea' id='block_1_6' title="bbox 298 4016 714 4034">
    <p class='ocr_par' dir='ltr' id='par_1_7' title="bbox 298 4016 714 4034">
     <span class='ocr_line' id='line_1_31' title="bbox 298 4016 714 4034; baseline 0 1183"><span class='ocrx_word' id='word_1_211' title='bbox 298 4016 714 4034; x_wconf 95' lang='lat' dir='ltr'><strong> </strong></span> 
     </span>
    </p>
   </div>
   <div class='ocr_carea' id='block_1_7' title="bbox 365 4139 2100 4429">
    <p class='ocr_par' dir='ltr' id='par_1_8' title="bbox 365 4139 2100 4429">
     <span class='ocr_line' id='line_1_32' title="bbox 365 4139 2100 4227; baseline 0.001 -20"><span class='ocrx_word' id='word_1_212' title='bbox 365 4155 438 4220; x_wconf 83' lang='lat'><strong>1)</strong></span> <span class='ocrx_word' id='word_1_213' title='bbox 479 4154 782 4206; x_wconf 67' lang='lat' dir='ltr'><strong>Deuteron.</strong></span> <span class='ocrx_word' id='word_1_214' title='bbox 807 4154 935 4205; x_wconf 83' lang='lat' dir='ltr'><strong>vn.</strong></span> <span class='ocrx_word' id='word_1_215' title='bbox 961 4139 1011 4207; x_wconf 74' lang='lat'><strong>6&#39;.</strong></span> <span class='ocrx_word' id='word_1_216' title='bbox 1046 4143 1194 4209; x_wconf 70' lang='lat' dir='ltr'><strong>xiv.</strong></span> <span class='ocrx_word' id='word_1_217' title='bbox 1227 4168 1276 4216; x_wconf 82' lang='lat'><strong>2.</strong></span> <span class='ocrx_word' id='word_1_218' title='bbox 1303 4155 1501 4211; x_wconf 66' lang='lat' dir='ltr'>xxv-1.</span> <span class='ocrx_word' id='word_1_219' title='bbox 1537 4160 1617 4216; x_wconf 72' lang='grc' dir='ltr'><strong>ιε.</strong></span> <span class='ocrx_word' id='word_1_220' title='bbox 1646 4154 1903 4209; x_wconf 81' lang='lat' dir='ltr'><strong>xxvm.</strong></span> <span class='ocrx_word' id='word_1_221' title='bbox 1932 4174 1967 4227; x_wconf 85' lang='lat'><strong>9</strong></span> <span class='ocrx_word' id='word_1_222' title='bbox 1995 4165 2100 4220; x_wconf 67' lang='lat' dir='ltr'><strong>etc,</strong></span> 
     </span>
     <span class='ocr_line' id='line_1_33' title="bbox 371 4259 1173 4353; baseline 0.006 -42"><span class='ocrx_word' id='word_1_223' title='bbox 371 4259 441 4325; x_wconf 76' lang='lat'><strong>2)</strong></span> <span class='ocrx_word' id='word_1_224' title='bbox 476 4261 680 4315; x_wconf 77' lang='lat' dir='ltr'><strong>Psalm.</strong></span> <span class='ocrx_word' id='word_1_225' title='bbox 707 4259 891 4316; x_wconf 82' lang='lat' dir='ltr'><strong>XXII.</strong></span> <span class='ocrx_word' id='word_1_226' title='bbox 917 4266 1000 4319; x_wconf 75' lang='lat'><strong>18·</strong></span> <span class='ocrx_word' id='word_1_227' title='bbox 1031 4276 1112 4328; x_wconf 85' lang='lat'><strong>¹9·</strong></span> <span class='ocrx_word' id='word_1_228' title='bbox 1165 4345 1173 4353; x_wconf 26' lang='lat'><strong>⁴</strong></span> 
     </span>
     <span class='ocr_line' id='line_1_34' title="bbox 452 4363 1942 4429; baseline 0.005 -7"><span class='ocrx_word' id='word_1_229' title='bbox 452 4385 455 4388; x_wconf 41' lang='grc'>“</span> <span class='ocrx_word' id='word_1_230' title='bbox 1808 4363 1857 4425; x_wconf 85' lang='lat' dir='ltr'>C</span> <span class='ocrx_word' id='word_1_231' title='bbox 1901 4371 1942 4429; x_wconf 83' lang='lat'>2</span> 
     </span>
    </p>
   </div>
  </div>
 </body>
</html>
