2978 5217
1287 436 1385 505 28

308 621 436 687 que
480 603 687 667 totius
745 596 1155 685 antiquitatis
1212 619 1286 662 ac
1342 598 2004 690 interpretationibus
2060 613 2364 666 veterum

300 719 706 788 Judaeorum
746 723 1175 797 refragantur,
1222 739 1407 804 quos,
1453 721 1699 805 quippe
1742 722 2217 805 prophetarum
2247 733 2364 783 aut

307 858 611 914 coaevos,
657 848 770 898 aut
812 818 1085 899 nonita
1137 839 1348 901 multo
1404 851 1557 923 post
1611 859 1841 925 eorum
1896 851 2196 923 tempora
2243 839 2364 901 vi-

304 969 561 1034 ventes,
609 967 782 1029 certe
829 976 965 1018 non
1009 959 1353 1036 fugiebat,
1386 955 1542 1042 quid
1574 957 1655 1020 de
1693 957 2169 1042 prophetarum
2210 958 2397 1021 elo-2

305 1076 479 1162 quiis
515 1086 827 1151 statuere,
874 1087 989 1137 aut
1016 1075 1344 1158 quomodo
1381 1096 1459 1138 ea
1484 1076 1777 1160 accipere
1807 1087 1875 1136 et
1901 1095 2206 1139 enarrare
2236 1073 2366 1137 de-

302 1170 587 1259 berent?
672 1192 749 1256 Si
790 1194 991 1273 igi-tur
1021 1213 1320 1277 aequum¹
1350 1200 1575 1278 etflpar
1609 1204 1751 1271 est,
1811 1195 2011 1255 rebus
2053 1166 2126 1255 in
2166 1197 2362 1272 facto,

301 1310 478 1396 quod
510 1314 717 1388 aiunt,
762 1311 994 1395 positis
1044 1309 1627 1392 fidemadhibere3
1683 1333 1818 1373 non
1845 1309 2187 1389 videmus,
2251 1331 2363 1372 cur

302 1450 424 1491 nos
452 1431 916 1501 vaticiniorum
952 1425 1304 1494 deMessia
1338 1430 1641 1517 puderet,
1691 1443 1811 1497 aut
1851 1452 1965 1497 cur
2010 1450 2089 1493 ea
2133 1428 2214 1491 de
2242 1429 2387 1491 in-.

302 1550 497 1611 'certis
539 1548 957 1630 obscurisque
1018 1543 1209 1617 dictis
1266 1561 1333 1610 et
1394 1553 1587 1613 factis
1648 1546 2059 1633 quorundam
2114 1556 2386 1628 regum,

297 1686 668 1751 procerum,
712 1674 962 1743 vatum,
1008 1677 1123 1727 aut
1164 1667 1443 1730 aliorum
1465 1668 1834 1745 hominum,
1883 1688 2160 1752 quorum
2187 1667 2367 1731 nulla

285 1789 478 1870 ‘fama
512 1786 586 1845 in
621 1785 921 1853 historiis
970 1796 1307 1867 superest,
1336 1844 1341 1847 ,
1372 1804 1677 1848 enarrare
1744 1786 2171 1862 deberemuS‚
2219 1805 2388 1849 cum.

302 1905 574 1988 ipsimet
627 1915 891 1988 veteres
950 1899 1200 1962 Judaei„
1243 1902 1408 1963 haec
1467 1903 1818 1982 vaticinia,
1900 1901 2162 1973 idoneis
2217 1902 2388 1965 sine>

299 2021 500 2083 dubio
563 2020 771 2079 causis
826 2018 1143 2102 permoti,
1202 2015 1300 2091 de.
1343 2017 1588 2086 Messia
1639 2021 2121 2095 intellexerint.
2228 2016 2386 2099 Qui.

297 2160 462 2201 vero
505 2135 736 2211 Jesum
772 2137 995 2195 sutura
1034 2131 1444 2218 praedixisse
1487 2158 1624 2198 non
1679 2150 1841 2199 eunt
1896 2138 2186 2217 inficia5‚
2242 2158 2363 2198 ec-

302 2280 416 2320 cur
444 2257 558 2319 isti
581 2256 906 2331 innuunt,
938 2266 1053 2315 aut
1083 2254 1352 2315 omnino
1386 2267 1650 2337 negant,
1691 2258 2049 2341 prophetas
2078 2255 2159 2318 de
2173 2255 2388 2327 Mes-rr
2461 2248 2471 2257 ’

299 2381 398 2440 sia
438 2374 800 2439 cecinisse?
890 2371 1181 2436 Omnem
1220 2371 1525 2439 iudaicae
1576 2378 1789 2456 gentis
1818 2377 2166 2454 historiam
2199 2372 2366 2437 dili-

298 2509 529 2578 genter
580 2493 998 2578 repetitum,
1040 2503 1307 2576 praeter
1329 2491 1558 2557 Jesum
1600 2517 1796 2559 nemo
1849 2516 2005 2573 sane
2050 2503 2364 2572 occurret,

212 2689 227 2700 „
299 2617 381 2679 de
423 2638 549 2701 quo
595 2611 753 2673 satis
794 2608 1132 2689 videatur,
1188 2613 1354 2684 ¹haec
1399 2616 1694 2676 enarrari
1730 2616 2065 2688 vaticinia.
2171 2611 2362 2691 Quae

301 2757 449 2797 cum
480 2734 572 2794 ita
622 2730 756 2805 sint
791 2740 860 2796 et
903 2724 1096 2808 Jesus
1140 2729 1528 2811 saepissime
1575 2712 2132 2805 disertisverbis,
2192 2749 2361 2811 pro-.-

295 2856 532 2941 phetas
576 2847 752 2909 dese
790 2845 1184 2911 vaticinatos
1231 2866 1397 2926 esse,
1444 2851 1779 2932 professus
1823 2851 1910 2911 sit
1956 2864 2241 2929 eumque
2285 2864 2357 2905 se

295 2969 734 3058 praestiterit}
796 2987 1003 3053 eaque
1054 2972 1417 3052 patraverit
1475 2980 1544 3030 et
1583 2986 1935 3053 perpessus
1994 2967 2115 3044 sit,
2191 2983 2359 3048 quae

296 3077 607 3155 Messiam
640 3089 1110 3174 praestiturum
1144 3101 1211 3150 et
1253 3110 1723 3175 perpessurum
1765 3101 1953 3149 vates
1994 3083 2359 3172 praedixef-

296 3223 478 3273 rant:
529 3227 720 3268 nemo
752 3224 890 3265 non
931 3202 1152 3280 videt,
1208 3208 1449 3266 frustra
1487 3209 1651 3268 haec
1697 3206 2170 3287 prophetarum
2214 3203 2359 3260 loca

297 3326 591 3411 torqueri
639 3323 864 3404 eisque
923 3338 1129 3380 novas
1164 3318 1625 3405 inauditasque
1677 3320 2161 3393 enarrationes,
2206 3324 2357 3397 post
2403 3381 2406 3388 ,

298 3447 549 3528 aliquot
593 3438 733 3502 (lies
765 3450 877 3500 aut
919 3439 1236 3500 annosab
1283 3439 1565 3501 aliorum
1608 3437 2069 3499 curiosioribus
2116 3453 2355 3516 reper—

274 3564 382 3626 ,tis
430 3557 936 3637 oblitterandas,
1006 3554 1288 3621 obtrudi.
1330 3549 1361 3573 ⁸
1405 3556 1662 3639 Quidni
1704 3556 1981 3618 firmiter
2028 3550 2239 3614 credis
2288 3562 2357 3612 et
2399 3611 2404 3616 .

294 3685 585 3763 ingenue
640 3679 999 3771 profiteriS,
1079 3673 1310 3741 Jesum
1363 3679 1528 3740 haec
1579 3675 1897 3740 vaticinia
1984 3672 2351 3733 rectissime

296 3800 748 3877 intellexisse,
825 3796 1111 3859 eundem
1169 3796 1398 3874 illum,
1473 3797 1585 3879 qui
1644 3795 1942 3860 omnium
1984 3810 2155 3854 unus
2202 3802 2353 3875 post

296 3922 646 3986 hominum
672 3912 1062 3978 memoriam
1109 3933 1196 3980 ex
1221 3912 1492 3982 Judaeis
1532 3933 1850 3999 quaerere
1894 3911 2202 3974 debebat:
2265 3912 2357 3983 τίς

297 4042 361 4116 ἐξ
415 4035 590 4123 ὑμῶν
650 4036 867 4120 ἐλέγχει
923 4057 993 4114 με
1060 4031 1200 4115 περὶ
1255 4026 1546 4114 ἁμαρτίας
1603 4035 1650 4116 ¹)
1680 4055 1703 4115 3
1762 4043 1831 4093 et
1883 4029 2150 4116 de''quo
2212 4027 2350 4103 Pe·-

371 4203 426 4315 ζ)
463 4243 717 4316 evangel.
746 4240 887 4297 Joan
927 4236 1075 4290 vm.
1105 4233 1194 4303 46.
