2978 5217
400 516 437 571 ,
1256 441 1349 510 41
1458 433 1680 495 -·-.--

280 620 426 673 tum·
452 607 854 673 ‚Iudaeorum
889 596 1657 670 messianum-Israelitis
1716 609 1876 671 ante
1920 581 2372 695 deportatio-⁰

282 750 435 792 nem
468 755 474 763 ’
504 730 777 790 ill-orum
829 725 903 786 in
954 721 1349 787 Chaldaeum
1407 725 1780 789 innotuisse·
1833 729 2173 812 probabile
2223 733 2331 808 sit,

280 856 650 910 monstrare
683 844 900 906 conati
931 861 1176 920 sumus,
1222 841 1556 935 Israelilas
1588 843 2029 909 Mosaizantes
2064 844 2145 908 de
2177 834 2337 909 exi-

282 966 421 1026 mio
474 937 658 1042 'vil-o,
720 959 800 1022 de
846 983 972 1045 quo
1025 959 1431 1024 Judaeorum
1476 974 1662 1031 vates
1723 965 2072 1043 canebant,
2144 981 2335 1027 secus

285 1093 574 1144 statuere
605 1102 741 1145 non
781 1081 1073 1164 potuisse
1120 1079 1683 1167 atque-Iudaeos,
1745 1102 1782 1141 a
1832 1083 2067 1167 quibus
2105 1079 2339 1165 dogma

285 1196 689 1261 Messianum
718 1200 1040 1279 originem
1053 1202 1268 1262 'traxit
1295 1213 1362 1262 et
1392 1199 1474 1262 ad
1498 1198 1833 1262 Israelitas
1862 1201 2191 1283 perlatum
2215 1212 2336 1262 est.

281 1313 757 1401 Prophetarum
817 1316 1221 1382 ,Iudaeorum
1268 1317 1362 1382 ‘de
1418 1318 1665 1382 Messia
1726 1320 1938 1381 multa
1987 1331 2342 1403 supersunt
2384 1405 2390 1415 ι

282 1435 1134 1521 vaticinia,‘prophe·tarum
1164 1436 1619 1500 Israelitarum
1649 1440 1851 1499 nulla.
1939 1435 2076 1498 Vel
2118 1440 2343 1499 vesti-

283 1553 386 1631 gia
413 1553 828 1615 in‘omnibus
859 1553 1263 1616 «Iudaeorum
1304 1557 1504 1617 sacris
1532 1555 1719 1615 libris
1746 1552 2007 1628 desunt,
2052 1572 2138 1612 ex
2182 1555 2342 1635 qui-

281 1671 405 1730 bus
455 1668 674 1748 colligi
704 1672 948 1755 possit,
991 1673 1199 1733 fuisse
1233 1671 1420 1733 'inter
1464 1668 1834 1748 Israelitas,
1895 1669 2008 1753 qui
2040 1665 2123 1730 de
2152 1668 2345 1732 Mes—-

287 1787 384 1847 sia
409 1787 761 1849 vaticinati
803 1790 955 1850 sint.
1045 1788 1178 1852 Nec
1223 1791 1357 1872 ipsi
1384 1787 1782 1851 recentiores
1809 1764 2170 1851 Samaritae
2211 1789 2339 1852 hoe

290 1908 559 1975 nomine
618 1907 1015 1986 gloriantur:
1075 1906 1194 1970 sed
1238 1905 1860 1992 Mopharredsclu'us
1898 1909 2187 1988 ingenue
2248 1910 2346 1987 ait

287 2028 490 2084 nostri
532 2025 814 2086 doctores
857 2025 931 2085 de
971 2046 1055 2085 eo*
1083 2026 1346 2086 tradunt
1391 2039 1514 2088 etc.
2304 2106 2310 2113 ἱ

417 2142 634 2208 ³Josia
661 2158 977 2231 regnante
1026 2143 1558 2208 cum-Israelitae
1598 2147 1739 2208 fere
1790 2166 2020 2213 omnes
2048 2145 2342 2211 idolola—

287 2260 480 2325 triam
536 2254 896 2326 abiicerent
944 2265 1273 2347 huiusque
1315 2263 1805 2346 superstitionis
1837 2264 2042 2326 varia
2082 2264 2347 2326 ins‘tru-

286 2386 534 2460 menta,
579 2374 829 2445 statuas
854 2394 922 2444 et
965 2394 1110 2444 aras
1155 2379 1430 2442 deorum
1459 2380 1772 2462 lucosque
1810 2397 2023 2475 sacros
2047 2381 2347 2464 perfrin—

289 2510 522 2578 gerent
571 2510 768 2583 atque
825 2497 1289 2562 exscinderent
1322 2496 1981 2582 Hierosolymamque
2023 2501 2344 2565 festorum

289 2619 835 2684 celebrandorum
860 2627 1052 2683 causa
1083 2638 1307 2683 rursus
1349 2616 1647 2679 adirent:
1710 2614 2173 2681 dubium-‘non
2218 2631 2339 2699 est,

429 3013 714 3050 summum
751 2996 905 3049 hune
937 2996 1121 3049 virum
1157 2994 1466 3046 immunem
1515 2991 1813 3058 iudicabit,
1852 2992 2167 3060 quicunque
2215 3009 2346 3047 eum

432 3098 633 3167 legerit
665 3098 817 3151 hunc
850 3099 1045 3150 locum
1081 3094 1319 3149 candide
1362 3103 1416 3146 et
1448 3094 1571 3163 pie,
1607 3100 1780 3163 prout
1813 3092 2011 3145 solitus
2051 3103 2149 3162 est,
2186 3108 2351 3166 expo-

429 3212 689 3257 nentem:
733 3204 945 3275 ,Quem
989 3213 1122 3253 vero
1172 3208 1228 3251 et
1263 3200 1641 3250 Tanononum
1674 3198 1911 3264 Risum,
1962 3196 2150 3266 ipsum
2198 3212 2352 3253 sum..

422 3322 588 3359 unum
622 3308 984 3376 interpretem
1019 3304 1334 3371 horumque
1367 3300 1812 3369 antesignanum,
1852 3300 1946 3370 qui
1981 3319 2177 3356 vocem
2212 3309 2349 3375 Χρι-

431 3404 558 3471 στός
589 3409 700 3463 hoc
749 3411 881 3463 loco
931 3426 1049 3460 non
1100 3407 1168 3458 de
1205 3405 1425 3458 Christo
1462 3407 1622 3469 Jesu,
1675 3403 1771 3455 sed
1806 3404 1875 3455 de
1909 3404 2027 3455 eius
2062 3409 2349 3460 sectatori-

431 3512 535 3565 bus
570 3514 872 3581 accipiunt,
907 3513 996 3565 vel
1015 3508 1362 3575 contumelia
1396 3507 1661 3573 affecisse,
1696 3505 1856 3581 val-de
1892 3504 2165 3559 dolemus.
2217 3510 2347 3562 Sus-

435 3614 719 3684 picamur‚
756 3633 883 3669 eum
913 3611 1242 3682 Hieronymi
1274 3610 1444 3663 verba
1495 3618 1593 3661 aut
1637 3624 1756 3659 non
1789 3608 1921 3660 satis
1968 3620 2225 3663 accurate
2272 3614 2354 3665 le·-

440 3718 615 3787 gisse‚
648 3691 757 3771 ¹aut
805 3720 872 3771 de
925 3719 1002 3771 eis
1050 3736 1115 3771 ex
1148 3714 1450 3782 memoria,
1504 3711 1899 3763 solertissimos
1933 3728 2341 3784 nonnunquam

438 3822 701 3886 fallente,
745 3822 1016 3876 iudicium
1049 3821 1262 3874 fecisse.
1364 3816 1534 3880 Haud
1580 3815 1742 3867 aliter
1794 3814 1861 3866 de
1906 3814 1979 3866 iis
2025 3814 2355 3890 iudicamus,

442 3928 540 3998 qui
575 3925 1089 3994 comminiscuntur,
1126 3930 1423 3993 praeeunte
1456 3919 1799 3989 Hieronymo
1834 3918 1993 3972 inter
2026 3921 2359 3993 interpretes
2411 3919 2414 3922 ¹

444 4032 817 4100 disceptatum
853 4045 998 4096 esse,
1036 4038 1227 4079 utrum
1270 4027 1381 4079 hoc
1429 4027 1561 4078 loco
1598 4024 1803 4077 Paulus
1841 4024 1909 4076 de
1943 4028 2103 4095 Jesu,
2151 4031 2250 4081 aut
2285 4028 2353 4080 de

445 4134 690 4188 eiusdem
729 4131 964 4185 eeclesia
1001 4118 1320 4199 scripserit?
1404 4130 1795 4198 Hieronymus
1844 4128 1951 4182 hac
1989 4130 2067 4182 de
2106 4147 2169 4183 re
2211 4130 2363 4184 nihil

442 4239 607 4308 plane
626 4244 931 4310 memorat,
967 4209 1065 4287 sed
1091 4232 1243 4287 hunc
1266 4233 1461 4302 locum
1491 4234 1560 4288 de
1583 4236 1713 4289 Jesu
1739 4242 1978 4289 enarrat.
