2978 5217
1590 420 1689 490 42

620 596 782 687 qui‘n
828 590 1045 660 omnia
1073 582 1471 651 Judaeorum
1504 584 1808 667 dogmata
1847 586 1944 648 eis
1974 585 2407 650 innotuerint.
2491 586 2666 652 Nam

617 722 774 782 satis
810 708 1170 777 verisimile
1209 705 1509 784 videtur,
1549 706 1998 797 ⁴intervallum
2038 705 2402 768 octodecim
2447 685 2668 768 anno-

614 857 794 911 rum,
841 826 1017 917 quod
1055 829 1133 887 ab
1161 826 1527 886 instaurato
1555 821 1745 909 'apud
1789 843 1901 884 eos
1934 798 2293 885 Mosaismo
2337 844 2544 907 usque
2588 823 2671 886 ad

611 955 834 1017 Josiae
883 924 1367 1033 praematuram
1399 955 1683 1005 mortem
1719 943 2129 1023 intercessit,
2178 943 2564 1019 suffecisse,
2596 954 2671 1002 ut

612 1062 739 1137 ista
785 1068 1089 1148 dogmata
1122 1073 1419 1126 accurate
1469 1061 1689 1122 abacis
1734 1070 2301 1138 cognosceremus.
2407 1058 2674 1138 Quam-

612 1196 713 1257 vis
754 1191 793 1254 J
798 1188 979 1252 osiae
1008 1187 1077 1245 in
1110 1202 1310 1260 regno
1341 1197 1749 1240 successores
1775 1188 2072 1261 quatuor,
2095 1175 2360 1238 'Joahas
2397 1191 2464 1240 et
2481 1178 2676 1239 Elia-‹-

611 1315 754 1374 kim
801 1329 917 1369 seu
961 1301 1347 1374 Jochakim,
1395 1296 1537 1357 eius
1580 1295 1740 1368 filii,
1801 1317 1875 1356 ac
1919 1293 2305 1357 Jochachim
2343 1306 2412 1356 et
2449 1294 2673 1357 Sede-

616 1433 757 1494 chia
777 1438 796 1506 ,=
851 1425 995 1487 eius
1048 1430 1356 1502 nepotes,
1446 1422 1567 1498 per
1618 1413 1861 1492 viginti
1908 1434 2113 1476 annos
2169 1414 2374 1498 patris
2428 1414 2670 1496 avique

615 1545 996 1627 exemplum
1023 1532 1204 1596 haud
1230 1540 1683 1618 sequerentur,
1727 1531 1847 1592 sed
1875 1528 2351 1610 idololatriam,
2410 1535 2491 1592 ab
2533 1532 2670 1592 illis

613 1666 899 1735 feliciter
941 1657 1239 1731 eiectam,
1285 1651 1841 1735 amplecterentur
1883 1668 2159 1732 eamque
2201 1648 2274 1710 in
2295 1645 2672 1731 Israelitide
2731 1646 2744 1658 ‘

611 1787 1094 1849 instaurarent:
1139 1770 1568 1834 nihilosecius
1601 1775 1714 1843 e'a,
1764 1786 1931 1850 quae
1959 1763 2139 1828 idem
2176 1767 2293 1826 ille
2339 1765 2553 1828 Jos'ias
2590 1763 2675 1826 ad

614 1896 1022 1967 reducendos
1066 1891 1150 1955 ad
1190 1891 1619 1952 Mosaismum
1672 1881 2010 1947 Israelitas
2065 1886 2477 1962 instituerat,
2536 1905 2679 1947 non.

615 2021 886 2085 omnino
918 2025 1070 2096 post
1112 2010 1254 2071 eius
1281 2016 1565 2067 mortem
1601 2002 1934 2064 incassum
1975 2004 2281 2065 instituta
2307 2005 2542 2082 fuisse,
2586 2022 2678 2064 ex

613 2130 811 2205 rebus
846 2126 994 2196 istis
1026 2123 1456 2208 cognoscitur,
1503 2141 1670 2206 quae
1699 2142 1837 2182 non
1874 2123 1971 2182 ita
1998 2123 2210 2183 multo
2250 2126 2402 2205 post
2428 2119 2675 2182 Siche-

614 2242 984 2336 mae‘gesta
1025 2260 1199 2310 sunt.
1625 2326 1632 2341 1
2311 2248 2316 2249 ’

785 2375 1136 2440 Exstructo
1175 2365 1356 2428 enim
1383 2363 1589 2425 altero
1620 2360 2230 2443 Hierosolymitano
2252 2359 2505 2444 templo
2543 2344 2678 2419 re·-

614 2497 955 2590 pulsisque
999 2511 1034 2550 a
1066 2485 1507 2561 Sorobabele,
1551 2482 1849 2568 principe
1891 2479 2329 2558 ‚Iudae-eorum,
2355 2477 2682 2540 'Samari-

592 2619 774 2688 ¹tidis
801 2610 1058 2681 incoliS,
1102 2618 1239 2665 tam
1265 2602 1619 2678 indigenis,
1666 2622 1862 2682 quam
1897 2600 2310 2676 alienigenis,
2355 2597 2430 2659 in
2455 2597 2682 2657 socie-

612 2750 821 2804 tatem
871 2725 1071 2791 huius
1113 2717 1349 2802 templi
1381 2715 1599 2789 ,Anno
1649 2714 1739 2776 M.
1785 2716 1974 2780 3485.
2022 2713 2283 2775 admitti
2336 2709 2677 2793 cupienti-

613 2860 738 2922 bus
769 2852 856 2933 ¹),
898 2853 1050 2932 post
1088 2858 1296 2903 annos
1331 2847 1598 2898 centum
1640 2845 1709 2895 et
1740 2832 2069 2912 octoginta
2110 2815 2284 2892 duos·
2318 2813 2680 2893 Sanballass

614 2979 806 3051 thus,
853 2981 1094 3049 genere
1127 2956 1493 3033 CuthaeuS,
1552 2976 1592 3016 a
1633 2951 1835 3015 Dario
1878 2949 2257 3014 Codomano
2297 2960 2558 3033 satrapa
2599 2946 2674 3007 in
2715 2919 2718 2922 A

619 3091 985 3159 Samariam
1026 3082 1268 3152 missus
1299 3080 1388 3157 ²),
1431 3077 1507 3138 in
1538 3085 1767 3136 monte
1800 3069 2126 3151 Garizim,
2168 3070 2282 3155 qui
2308 3065 2677 3131 adiacenti—

616 3217 739 3275 bus
781 3197 1119 3268 montibus
1155 3195 1390 3255 celsior
1417 3193 1505 3269 ³),
1551 3189 1796 3273 oppido
1828 3189 2095 3250 Sichem
2122 3189 2413 3249 maxime
2442 3186 2678 3246 immi-

618 3339 754 3403 net,
797 3317 1144 3401 templum,
1189 3307 1791 3388 Hierosolymitano
1834 3303 2014 3366 haud
2048 3304 2369 3375 absimile,
2411 3302 2679 3363 excita-

619 3449 742 3526 vit,
789 3443 1061 3522 eiusque
1095 3429 1478 3520 pontificem
1526 3444 1857 3488 summum
1904 3420 2308 3501 manassem,
2355 3442 2675 3502 generum

622 3548 848 3642 suum,
919 3554 1118 3621 Jaddi
1169 3548 1503 3640 pontificis
1573 3543 2017 3631 principisque
2086 3538 2676 3625 Hierosolymitani

616 3690 928 3761 fratrem,
975 3673 1336 3742 constituit.
1422 3666 1609 3734 Nam·
1636 3685 1787 3728 cum
1822 3666 1905 3727 ab
1946 3660 2110 3727 Esra
2136 3663 2514 3749 populoque
2542 3658 2673 3721 Ju-

699 4009 754 4074 1)
790 4006 930 4057 Esra
952 4004 1046 4055 IV.
1087 4018 1136 4053 2.
1173 4016 1221 4054 2.
1256 4014 1308 4066 5.

697 4128 750 4193 2)
781 4128 1008 4178 Josnrn.
1043 4118 1369 4187 Antiquitat.
1406 4113 1504 4167 XI.
1540 4112 1591 4185 γ’.
1630 4110 1816 4168 colon.
1845 4130 1985 4184 pag.
2013 4116 2135 4181 385.

697 4251 754 4318 5)
792 4249 1035 4299 Josnmn
1057 4235 1393 4307 Antiquitat.
1429 4234 1526 4292 XI.
1564 4243 1615 4296 8.
1656 4234 1839 4290 Colon.
1877 4250 2007 4305 pag.
2045 4240 2165 4301 585.
2204 4257 2210 4263 ·
